ts,yes_ask,yes_bid,yes_spread,delta_vol,delta_spread,delta_price
2026-01-15T03:21:06,29,28,1,0,0,0
2026-01-15T03:21:07,29,28,1,0,0,0
2026-01-15T03:21:08,29,28,1,0,0,0
2026-01-15T03:21:09,29,28,1,0,0,0
2026-01-15T03:21:10,29,28,1,0,0,0
2026-01-15T03:21:11,29,28,1,0,0,0
2026-01-15T03:21:12,29,28,1,0,0,0
2026-01-15T03:21:13,29,28,1,0,0,0
2026-01-15T03:21:14,29,28,1,0,0,0
2026-01-15T03:21:15,29,28,1,0,0,0
2026-01-15T03:21:16,29,28,1,0,0,0
2026-01-15T03:21:17,29,28,1,0,0,0
2026-01-15T03:21:18,29,28,1,0,0,0
2026-01-15T03:21:19,29,28,1,0,0,0
2026-01-15T03:21:21,29,28,1,0,0,0
2026-01-15T03:21:22,29,28,1,0,0,0
2026-01-15T03:21:23,29,28,1,0,0,0
2026-01-15T03:21:24,29,28,1,0,0,0
2026-01-15T03:21:25,29,28,1,0,0,0
2026-01-15T03:21:26,29,28,1,0,0,0
2026-01-15T03:21:27,29,28,1,0,0,0
2026-01-15T03:21:28,29,28,1,0,0,0
2026-01-15T03:21:30,29,28,1,0,0,0
2026-01-15T03:21:31,29,28,1,0,0,0
2026-01-15T03:21:32,29,28,1,0,0,0
2026-01-15T03:21:33,29,28,1,0,0,0
2026-01-15T03:21:35,29,28,1,0,0,0
2026-01-15T03:21:36,29,28,1,0,0,0
2026-01-15T03:21:37,29,28,1,0,0,0
2026-01-15T03:21:38,29,28,1,0,0,0
2026-01-15T03:21:40,29,28,1,0,0,0
2026-01-15T03:21:41,29,28,1,0,0,0
2026-01-15T03:21:42,29,28,1,0,0,0
2026-01-15T03:21:43,29,28,1,0,0,0
2026-01-15T03:21:44,29,28,1,0,0,0
2026-01-15T03:21:45,29,28,1,0,0,0
2026-01-15T03:21:46,29,28,1,0,0,0
2026-01-15T03:21:47,29,28,1,0,0,0
2026-01-15T03:21:48,29,28,1,0,0,0
2026-01-15T03:21:49,29,28,1,0,0,0
2026-01-15T03:21:50,29,28,1,0,0,0
2026-01-15T03:21:51,29,28,1,0,0,0
2026-01-15T03:21:52,29,28,1,0,0,0
2026-01-15T03:21:53,29,28,1,0,0,0
2026-01-15T03:21:54,29,28,1,0,0,0
2026-01-15T03:21:55,29,28,1,0,0,0
2026-01-15T03:21:57,29,28,1,0,0,0
2026-01-15T03:21:58,29,28,1,0,0,0
2026-01-15T03:21:59,29,28,1,0,0,0
2026-01-15T03:22:00,29,28,1,0,0,0
2026-01-15T03:22:01,29,28,1,0,0,0
2026-01-15T03:22:02,29,28,1,0,0,0
2026-01-15T03:22:03,29,28,1,0,0,0
2026-01-15T03:22:04,29,28,1,0,0,0
2026-01-15T03:22:05,29,28,1,0,0,0
2026-01-15T03:22:06,29,28,1,0,0,0
2026-01-15T03:22:07,29,28,1,0,0,0
2026-01-15T03:22:08,29,28,1,0,0,0
2026-01-15T03:22:09,29,28,1,0,0,0
2026-01-15T03:22:10,29,28,1,0,0,0
2026-01-15T03:22:11,29,28,1,0,0,0
2026-01-15T03:22:12,29,28,1,0,0,0
2026-01-15T03:22:13,29,28,1,0,0,0
2026-01-15T03:22:15,29,28,1,0,0,0
2026-01-15T03:22:16,29,28,1,0,0,0
2026-01-15T03:22:17,29,28,1,0,0,0
2026-01-15T03:22:18,29,28,1,0,0,0
2026-01-15T03:22:19,29,28,1,0,0,0
2026-01-15T03:22:20,29,28,1,0,0,0
2026-01-15T03:22:21,29,28,1,0,0,0
2026-01-15T03:22:22,29,28,1,0,0,0
2026-01-15T03:22:23,29,28,1,0,0,0
2026-01-15T03:22:24,29,28,1,0,0,0
2026-01-15T03:22:25,29,28,1,0,0,0
2026-01-15T03:22:26,29,28,1,0,0,0
2026-01-15T03:22:27,29,28,1,0,0,0
2026-01-15T03:22:29,29,28,1,0,0,0
2026-01-15T03:22:30,29,28,1,0,0,0
2026-01-15T03:22:31,29,28,1,0,0,0
2026-01-15T03:22:32,29,28,1,0,0,0
2026-01-15T03:22:33,29,28,1,0,0,0
2026-01-15T03:22:34,29,28,1,0,0,0
2026-01-15T03:22:35,29,28,1,0,0,0
2026-01-15T03:22:36,29,28,1,0,0,0
2026-01-15T03:22:37,29,28,1,0,0,0
2026-01-15T03:22:38,29,28,1,0,0,0
2026-01-15T03:22:39,29,28,1,0,0,0
2026-01-15T03:22:40,29,28,1,0,0,0
2026-01-15T03:22:42,29,28,1,0,0,0
2026-01-15T03:22:43,29,28,1,0,0,0
2026-01-15T03:22:44,29,28,1,16,0,0
2026-01-15T03:22:45,29,28,1,16,0,0
2026-01-15T03:22:46,29,28,1,16,0,0
2026-01-15T03:22:47,29,28,1,16,0,0
2026-01-15T03:22:49,29,28,1,16,0,0
2026-01-15T03:22:50,29,28,1,16,0,0
2026-01-15T03:22:51,29,28,1,16,0,0
2026-01-15T03:22:52,29,28,1,16,0,0
2026-01-15T03:22:53,29,28,1,16,0,0
2026-01-15T03:22:55,29,28,1,16,0,0
2026-01-15T03:22:56,29,28,1,0,0,0
2026-01-15T03:22:57,29,28,1,0,0,0
2026-01-15T03:22:58,29,28,1,0,0,0
2026-01-15T03:22:59,29,28,1,0,0,0
2026-01-15T03:23:00,29,28,1,0,0,0
2026-01-15T03:23:01,29,28,1,0,0,0
2026-01-15T03:23:02,29,28,1,0,0,0
2026-01-15T03:23:03,29,28,1,0,0,0
2026-01-15T03:23:04,29,28,1,32,0,0
2026-01-15T03:23:05,29,28,1,32,0,0
2026-01-15T03:23:06,29,28,1,32,0,0
2026-01-15T03:23:07,29,28,1,32,0,0
2026-01-15T03:23:08,29,28,1,32,0,0
2026-01-15T03:23:09,29,28,1,32,0,0
2026-01-15T03:23:10,29,28,1,32,0,0
2026-01-15T03:23:11,29,28,1,32,0,0
2026-01-15T03:23:12,29,28,1,32,0,0
2026-01-15T03:23:13,29,28,1,32,0,0
2026-01-15T03:23:14,29,28,1,0,0,0
2026-01-15T03:23:16,29,28,1,0,0,0
2026-01-15T03:23:17,29,28,1,0,0,0
2026-01-15T03:23:18,29,28,1,0,0,0
2026-01-15T03:23:19,29,28,1,0,0,0
2026-01-15T03:23:20,29,28,1,0,0,0
2026-01-15T03:23:21,29,28,1,0,0,0
2026-01-15T03:23:22,29,28,1,0,0,0
2026-01-15T03:23:23,29,28,1,0,0,0
2026-01-15T03:23:24,29,28,1,0,0,0
2026-01-15T03:23:25,29,28,1,0,0,0
2026-01-15T03:23:26,29,28,1,0,0,0
2026-01-15T03:23:27,29,28,1,0,0,0
2026-01-15T03:23:28,29,28,1,0,0,0
2026-01-15T03:23:29,29,28,1,0,0,0
2026-01-15T03:23:30,29,28,1,0,0,0
2026-01-15T03:23:31,29,28,1,0,0,0
2026-01-15T03:23:32,29,28,1,0,0,0
2026-01-15T03:23:34,29,28,1,0,0,0
2026-01-15T03:23:35,29,28,1,0,0,0
2026-01-15T03:23:36,29,28,1,0,0,0
2026-01-15T03:23:37,29,28,1,0,0,0
2026-01-15T03:23:38,29,28,1,0,0,0
2026-01-15T03:23:39,29,28,1,0,0,0
2026-01-15T03:23:40,29,28,1,0,0,0
2026-01-15T03:23:41,29,28,1,0,0,0
2026-01-15T03:23:42,29,28,1,0,0,0
2026-01-15T03:23:43,29,28,1,0,0,0
2026-01-15T03:23:44,29,28,1,0,0,0
2026-01-15T03:23:45,29,28,1,0,0,0
2026-01-15T03:23:46,29,28,1,0,0,0
2026-01-15T03:23:47,29,28,1,0,0,0
2026-01-15T03:23:49,29,28,1,0,0,0
2026-01-15T03:23:50,29,28,1,0,0,0
2026-01-15T03:23:51,29,28,1,0,0,0
2026-01-15T03:23:52,29,28,1,0,0,0
2026-01-15T03:23:53,29,28,1,0,0,0
2026-01-15T03:23:54,29,28,1,0,0,0
2026-01-15T03:23:55,29,28,1,0,0,0
2026-01-15T03:23:56,29,28,1,0,0,0
2026-01-15T03:23:57,29,28,1,0,0,0
2026-01-15T03:23:58,29,28,1,0,0,0
2026-01-15T03:23:59,29,28,1,0,0,0
2026-01-15T03:24:00,29,28,1,0,0,0
2026-01-15T03:24:02,29,28,1,0,0,0
2026-01-15T03:24:03,29,28,1,0,0,0
2026-01-15T03:24:04,29,28,1,0,0,0
2026-01-15T03:24:05,29,28,1,0,0,0
2026-01-15T03:24:07,29,28,1,0,0,0
2026-01-15T03:24:08,29,28,1,0,0,0
2026-01-15T03:24:09,29,28,1,0,0,0
2026-01-15T03:24:10,29,28,1,0,0,0
2026-01-15T03:24:11,29,28,1,0,0,0
2026-01-15T03:24:12,29,28,1,0,0,0
2026-01-15T03:24:13,29,28,1,0,0,0
2026-01-15T03:24:15,29,28,1,0,0,0
2026-01-15T03:24:16,29,28,1,0,0,0
2026-01-15T03:24:17,29,28,1,0,0,0
2026-01-15T03:24:18,29,28,1,0,0,0
2026-01-15T03:24:19,29,28,1,0,0,0
2026-01-15T03:24:20,29,28,1,0,0,0
2026-01-15T03:24:21,29,28,1,0,0,0
2026-01-15T03:24:22,29,28,1,0,0,0
2026-01-15T03:24:23,29,28,1,0,0,0
2026-01-15T03:24:24,29,28,1,0,0,0
2026-01-15T03:24:25,29,28,1,0,0,0
2026-01-15T03:24:26,29,28,1,0,0,0
2026-01-15T03:24:27,29,28,1,0,0,0
2026-01-15T03:24:28,29,28,1,0,0,0
2026-01-15T03:24:29,29,28,1,0,0,0
2026-01-15T03:24:30,29,28,1,0,0,0
2026-01-15T03:24:31,29,28,1,0,0,0
2026-01-15T03:24:33,29,28,1,0,0,0
2026-01-15T03:24:34,29,28,1,0,0,0
2026-01-15T03:24:35,29,28,1,0,0,0
2026-01-15T03:24:36,29,28,1,0,0,0
2026-01-15T03:24:37,29,28,1,0,0,0
2026-01-15T03:24:38,29,28,1,0,0,0
2026-01-15T03:24:39,29,28,1,0,0,0
2026-01-15T03:24:40,29,28,1,0,0,0
2026-01-15T03:24:41,29,28,1,0,0,0
2026-01-15T03:24:42,29,28,1,6,0,0
2026-01-15T03:24:43,29,28,1,6,0,0
2026-01-15T03:24:44,29,28,1,6,0,0
2026-01-15T03:24:45,29,28,1,6,0,0
2026-01-15T03:24:46,29,28,1,6,0,0
2026-01-15T03:24:47,29,28,1,6,0,0
2026-01-15T03:24:48,29,28,1,6,0,0
2026-01-15T03:24:50,29,28,1,6,0,0
2026-01-15T03:24:51,29,28,1,6,0,0
2026-01-15T03:24:52,29,28,1,6,0,0
2026-01-15T03:24:53,29,28,1,0,0,0
2026-01-15T03:24:54,29,28,1,0,0,0
2026-01-15T03:24:55,29,28,1,0,0,0
2026-01-15T03:24:56,29,28,1,0,0,0
2026-01-15T03:24:57,29,28,1,0,0,0
2026-01-15T03:24:58,29,28,1,0,0,0
2026-01-15T03:24:59,29,28,1,0,0,0
2026-01-15T03:25:00,29,28,1,0,0,0
2026-01-15T03:25:01,29,28,1,0,0,0
2026-01-15T03:25:02,29,28,1,0,0,0
2026-01-15T03:25:03,29,28,1,0,0,0
2026-01-15T03:25:04,29,28,1,0,0,0
2026-01-15T03:25:05,29,28,1,0,0,0
2026-01-15T03:25:07,29,28,1,0,0,0
2026-01-15T03:25:08,29,28,1,0,0,0
2026-01-15T03:25:09,29,28,1,0,0,0
2026-01-15T03:25:10,29,28,1,0,0,0
2026-01-15T03:25:11,29,28,1,0,0,0
2026-01-15T03:25:12,29,28,1,0,0,0
2026-01-15T03:25:13,29,28,1,0,0,0
2026-01-15T03:25:14,29,28,1,0,0,0
2026-01-15T03:25:15,29,28,1,0,0,0
2026-01-15T03:25:16,29,28,1,0,0,0
2026-01-15T03:25:18,29,28,1,0,0,0
2026-01-15T03:25:19,29,28,1,0,0,0
2026-01-15T03:25:20,29,28,1,0,0,0
2026-01-15T03:25:21,29,28,1,0,0,0
2026-01-15T03:25:22,29,28,1,0,0,0
2026-01-15T03:25:23,29,28,1,0,0,0
2026-01-15T03:25:24,29,28,1,0,0,0
2026-01-15T03:25:25,29,28,1,0,0,0
2026-01-15T03:25:26,29,28,1,0,0,0
2026-01-15T03:25:28,29,28,1,0,0,0
2026-01-15T03:25:29,29,28,1,0,0,0
2026-01-15T03:25:30,29,28,1,0,0,0
2026-01-15T03:25:31,29,28,1,0,0,0
2026-01-15T03:25:32,29,28,1,0,0,0
2026-01-15T03:25:33,29,28,1,0,0,0
2026-01-15T03:25:34,29,28,1,0,0,0
2026-01-15T03:25:35,29,28,1,0,0,0
2026-01-15T03:25:36,29,28,1,0,0,0
2026-01-15T03:25:37,29,28,1,0,0,0
2026-01-15T03:25:38,29,28,1,0,0,0
2026-01-15T03:25:40,29,28,1,0,0,0
2026-01-15T03:25:41,29,28,1,0,0,0
2026-01-15T03:25:42,29,28,1,0,0,0
2026-01-15T03:25:43,29,28,1,0,0,0
2026-01-15T03:25:44,29,28,1,0,0,0
2026-01-15T03:25:45,29,28,1,0,0,0
2026-01-15T03:25:46,29,28,1,0,0,0
2026-01-15T03:25:47,29,28,1,0,0,0
2026-01-15T03:25:48,29,28,1,0,0,0
2026-01-15T03:25:49,29,28,1,0,0,0
2026-01-15T03:25:50,29,28,1,0,0,0
2026-01-15T03:25:51,29,28,1,0,0,0
2026-01-15T03:25:52,29,28,1,0,0,0
2026-01-15T03:25:54,29,28,1,0,0,0
2026-01-15T03:25:55,29,28,1,0,0,0
2026-01-15T03:25:56,29,28,1,0,0,0
2026-01-15T03:25:57,29,28,1,0,0,0
2026-01-15T03:25:58,29,28,1,0,0,0
2026-01-15T03:25:59,29,28,1,0,0,0
2026-01-15T03:26:01,29,28,1,0,0,0
2026-01-15T03:26:02,29,28,1,0,0,0
2026-01-15T03:26:03,29,28,1,0,0,0
2026-01-15T03:26:04,29,28,1,0,0,0
2026-01-15T03:26:05,29,28,1,0,0,0
2026-01-15T03:26:06,29,28,1,0,0,0
2026-01-15T03:26:07,29,28,1,0,0,0
2026-01-15T03:26:08,29,28,1,0,0,0
2026-01-15T03:26:09,29,28,1,0,0,0
2026-01-15T03:26:10,29,28,1,0,0,0
2026-01-15T03:26:12,29,28,1,0,0,0
2026-01-15T03:26:13,29,28,1,0,0,0
2026-01-15T03:26:14,29,28,1,0,0,0
2026-01-15T03:26:15,29,28,1,0,0,0
2026-01-15T03:26:16,29,28,1,0,0,0
2026-01-15T03:26:17,29,28,1,0,0,0
2026-01-15T03:26:19,29,28,1,0,0,0
2026-01-15T03:26:20,29,28,1,0,0,0
2026-01-15T03:26:21,29,28,1,0,0,0
2026-01-15T03:26:22,29,28,1,0,0,0
2026-01-15T03:26:23,29,28,1,0,0,0
2026-01-15T03:26:24,29,28,1,0,0,0
2026-01-15T03:26:25,29,28,1,0,0,0
2026-01-15T03:26:26,29,28,1,0,0,0
2026-01-15T03:26:27,29,28,1,0,0,0
2026-01-15T03:26:28,29,28,1,0,0,0
2026-01-15T03:26:30,29,28,1,0,0,0
2026-01-15T03:26:31,29,28,1,0,0,0
2026-01-15T03:26:32,29,28,1,0,0,0
2026-01-15T03:26:33,29,28,1,0,0,0
2026-01-15T03:26:34,29,28,1,0,0,0
2026-01-15T03:26:35,29,28,1,0,0,0
2026-01-15T03:26:36,29,28,1,0,0,0
2026-01-15T03:26:37,29,28,1,0,0,0
2026-01-15T03:26:38,29,28,1,0,0,0
2026-01-15T03:26:40,29,28,1,0,0,0
2026-01-15T03:26:41,29,28,1,0,0,0
2026-01-15T03:26:42,29,28,1,0,0,0
2026-01-15T03:26:43,29,28,1,0,0,0
2026-01-15T03:26:44,29,28,1,0,0,0
2026-01-15T03:26:45,29,28,1,0,0,0
2026-01-15T03:26:46,29,28,1,0,0,0
2026-01-15T03:26:47,29,28,1,0,0,0
2026-01-15T03:26:48,29,28,1,0,0,0
2026-01-15T03:26:49,29,28,1,0,0,0
2026-01-15T03:26:50,29,28,1,0,0,0
2026-01-15T03:26:51,29,28,1,0,0,0
2026-01-15T03:26:52,29,28,1,0,0,0
2026-01-15T03:26:53,29,28,1,0,0,0
2026-01-15T03:26:54,29,28,1,0,0,0
2026-01-15T03:26:55,29,28,1,0,0,0
2026-01-15T03:26:56,29,28,1,0,0,0
2026-01-15T03:26:58,29,28,1,0,0,0
2026-01-15T03:26:59,29,28,1,0,0,0
2026-01-15T03:27:00,29,28,1,0,0,0
2026-01-15T03:27:01,29,28,1,0,0,0
2026-01-15T03:27:02,29,28,1,0,0,0
2026-01-15T03:27:03,29,28,1,0,0,0
2026-01-15T03:27:04,29,28,1,0,0,0
2026-01-15T03:27:05,29,28,1,0,0,0
2026-01-15T03:27:06,29,28,1,0,0,0
2026-01-15T03:27:07,29,28,1,0,0,0
2026-01-15T03:27:08,29,28,1,0,0,0
2026-01-15T03:27:09,29,28,1,0,0,0
2026-01-15T03:27:10,29,28,1,0,0,0
2026-01-15T03:27:11,29,28,1,0,0,0
2026-01-15T03:27:12,29,28,1,0,0,0
2026-01-15T03:27:13,29,28,1,0,0,0
2026-01-15T03:27:14,29,28,1,0,0,0
2026-01-15T03:27:15,29,28,1,0,0,0
2026-01-15T03:27:16,29,28,1,0,0,0
2026-01-15T03:27:17,29,28,1,0,0,0
2026-01-15T03:27:18,29,28,1,0,0,0
2026-01-15T03:27:19,29,28,1,0,0,0
2026-01-15T03:27:20,29,28,1,0,0,0
2026-01-15T03:27:21,29,28,1,0,0,0
2026-01-15T03:27:22,29,28,1,0,0,0
2026-01-15T03:27:23,29,28,1,0,0,0
2026-01-15T03:27:24,29,28,1,0,0,0
2026-01-15T03:27:25,29,28,1,0,0,0
2026-01-15T03:27:26,29,28,1,0,0,0
2026-01-15T03:27:27,29,28,1,0,0,0
2026-01-15T03:27:28,29,28,1,0,0,0
2026-01-15T03:27:29,29,28,1,0,0,0
2026-01-15T03:27:30,29,28,1,0,0,0
2026-01-15T03:27:31,29,28,1,0,0,0
2026-01-15T03:27:32,29,28,1,0,0,0
2026-01-15T03:27:33,29,28,1,0,0,0
2026-01-15T03:27:34,29,28,1,0,0,0
2026-01-15T03:27:35,29,28,1,0,0,0
2026-01-15T03:27:36,29,28,1,0,0,0
2026-01-15T03:27:37,29,28,1,0,0,0
2026-01-15T03:27:38,29,28,1,0,0,0
2026-01-15T03:27:39,29,28,1,0,0,0
2026-01-15T03:27:40,29,28,1,0,0,0
2026-01-15T03:27:41,29,28,1,0,0,0
2026-01-15T03:27:42,29,28,1,0,0,0
2026-01-15T03:27:43,29,28,1,0,0,0
2026-01-15T03:27:44,29,28,1,0,0,0
2026-01-15T03:27:45,29,28,1,0,0,0
2026-01-15T03:27:46,29,28,1,0,0,0
2026-01-15T03:27:48,29,28,1,0,0,0
2026-01-15T03:27:49,29,28,1,0,0,0
2026-01-15T03:27:50,29,28,1,0,0,0
2026-01-15T03:27:51,29,28,1,0,0,0
2026-01-15T03:27:52,29,28,1,0,0,0
2026-01-15T03:27:53,29,28,1,0,0,0
2026-01-15T03:27:54,29,28,1,0,0,0
2026-01-15T03:27:55,29,28,1,0,0,0
2026-01-15T03:27:57,29,28,1,0,0,0
2026-01-15T03:27:58,29,28,1,0,0,0
2026-01-15T03:27:59,29,28,1,0,0,0
2026-01-15T03:28:00,29,28,1,0,0,0
2026-01-15T03:28:01,29,28,1,0,0,0
2026-01-15T03:28:02,29,28,1,0,0,0
2026-01-15T03:28:03,29,28,1,0,0,0
2026-01-15T03:28:04,29,28,1,0,0,0
2026-01-15T03:28:05,29,28,1,0,0,0
2026-01-15T03:28:06,29,28,1,0,0,0
2026-01-15T03:28:07,29,28,1,0,0,0
2026-01-15T03:28:08,29,28,1,0,0,0
2026-01-15T03:28:09,29,28,1,0,0,0
2026-01-15T03:28:10,29,28,1,0,0,0
2026-01-15T03:28:11,29,28,1,0,0,0
2026-01-15T03:28:12,29,28,1,0,0,0
2026-01-15T03:28:13,29,28,1,0,0,0
2026-01-15T03:28:14,29,28,1,0,0,0
2026-01-15T03:28:15,29,28,1,0,0,0
2026-01-15T03:28:16,29,28,1,0,0,0
2026-01-15T03:28:17,29,28,1,0,0,0
2026-01-15T03:28:18,29,28,1,0,0,0
2026-01-15T03:28:19,29,28,1,0,0,0
2026-01-15T03:28:20,29,28,1,0,0,0
2026-01-15T03:28:21,29,28,1,0,0,0
2026-01-15T03:28:22,29,28,1,0,0,0
2026-01-15T03:28:23,29,28,1,0,0,0
2026-01-15T03:28:24,29,28,1,0,0,0
2026-01-15T03:28:25,29,28,1,0,0,0
2026-01-15T03:28:26,29,28,1,0,0,0
2026-01-15T03:28:27,29,28,1,0,0,0
2026-01-15T03:28:28,29,28,1,0,0,0
2026-01-15T03:28:29,29,28,1,0,0,0
2026-01-15T03:28:30,29,28,1,0,0,0
2026-01-15T03:28:31,29,28,1,0,0,0
2026-01-15T03:28:33,29,28,1,0,0,0
2026-01-15T03:28:34,29,28,1,0,0,0
2026-01-15T03:28:35,29,28,1,0,0,0
2026-01-15T03:28:36,29,28,1,0,0,0
2026-01-15T03:28:37,29,28,1,0,0,0
2026-01-15T03:28:38,29,28,1,0,0,0
2026-01-15T03:28:39,29,28,1,0,0,0
2026-01-15T03:28:40,29,28,1,0,0,0
2026-01-15T03:28:41,29,28,1,0,0,0
2026-01-15T03:28:42,29,28,1,0,0,0
2026-01-15T03:28:43,29,28,1,0,0,0
2026-01-15T03:28:44,29,28,1,0,0,0
2026-01-15T03:28:45,29,28,1,0,0,0
2026-01-15T03:28:46,29,28,1,0,0,0
2026-01-15T03:28:47,29,28,1,0,0,0
2026-01-15T03:28:48,29,28,1,0,0,0
2026-01-15T03:28:49,29,28,1,0,0,0
2026-01-15T03:28:50,29,28,1,0,0,0
2026-01-15T03:28:51,29,28,1,0,0,0
2026-01-15T03:28:52,29,28,1,0,0,0
2026-01-15T03:28:54,29,28,1,0,0,0
2026-01-15T03:28:55,29,28,1,0,0,0
2026-01-15T03:28:56,29,28,1,0,0,0
2026-01-15T03:28:57,29,28,1,0,0,0
2026-01-15T03:28:58,29,28,1,0,0,0
2026-01-15T03:29:00,29,28,1,0,0,0
2026-01-15T03:29:01,29,28,1,0,0,0
2026-01-15T03:29:02,29,28,1,0,0,0
2026-01-15T03:29:03,29,28,1,0,0,0
2026-01-15T03:29:04,29,28,1,0,0,0
2026-01-15T03:29:06,29,28,1,0,0,0
2026-01-15T03:29:07,29,28,1,0,0,0
2026-01-15T03:29:08,29,28,1,0,0,0
2026-01-15T03:29:09,29,28,1,0,0,0
2026-01-15T03:29:10,29,28,1,0,0,0
2026-01-15T03:29:11,29,28,1,0,0,0
2026-01-15T03:29:12,29,28,1,0,0,0
2026-01-15T03:29:14,29,28,1,0,0,0
2026-01-15T03:29:15,29,28,1,0,0,0
2026-01-15T03:29:16,29,28,1,0,0,0
2026-01-15T03:29:17,29,28,1,0,0,0
2026-01-15T03:29:18,29,28,1,0,0,0
2026-01-15T03:29:19,29,28,1,0,0,0
2026-01-15T03:29:20,29,28,1,0,0,0
2026-01-15T03:29:22,29,28,1,0,0,0
2026-01-15T03:29:23,29,28,1,0,0,0
2026-01-15T03:29:24,29,28,1,65,0,0
2026-01-15T03:29:26,29,28,1,65,0,0
2026-01-15T03:29:27,29,28,1,65,0,0
2026-01-15T03:29:28,29,28,1,65,0,0
2026-01-15T03:29:29,29,28,1,65,0,0
2026-01-15T03:29:30,29,28,1,65,0,0
2026-01-15T03:29:31,29,28,1,65,0,0
2026-01-15T03:29:33,29,28,1,65,0,0
2026-01-15T03:29:34,29,28,1,65,0,0
2026-01-15T03:29:35,29,28,1,65,0,0
2026-01-15T03:29:36,29,28,1,0,0,0
2026-01-15T03:29:38,29,28,1,0,0,0
2026-01-15T03:29:39,29,28,1,0,0,0
2026-01-15T03:29:40,29,28,1,0,0,0
2026-01-15T03:29:41,29,28,1,0,0,0
2026-01-15T03:29:42,29,28,1,0,0,0
2026-01-15T03:29:43,29,28,1,0,0,0
2026-01-15T03:29:44,29,28,1,0,0,0
2026-01-15T03:29:46,29,28,1,0,0,0
2026-01-15T03:29:47,29,28,1,0,0,0
2026-01-15T03:29:48,29,28,1,0,0,0
2026-01-15T03:29:49,29,28,1,0,0,0
2026-01-15T03:29:50,29,28,1,0,0,0
2026-01-15T03:29:51,29,28,1,0,0,0
2026-01-15T03:29:52,29,28,1,0,0,0
2026-01-15T03:29:53,29,28,1,0,0,0
2026-01-15T03:29:54,29,28,1,0,0,0
2026-01-15T03:29:55,29,28,1,0,0,0
2026-01-15T03:29:56,29,28,1,0,0,0
2026-01-15T03:29:58,29,28,1,0,0,0
2026-01-15T03:30:01,29,28,1,0,0,0
2026-01-15T03:30:03,29,28,1,0,0,0
2026-01-15T03:30:04,29,28,1,0,0,0
2026-01-15T03:30:05,29,28,1,0,0,0
2026-01-15T03:30:06,29,28,1,0,0,0
2026-01-15T03:30:07,29,28,1,0,0,0
2026-01-15T03:30:09,29,28,1,0,0,0
2026-01-15T03:30:10,29,28,1,0,0,0
2026-01-15T03:30:11,29,28,1,0,0,0
2026-01-15T03:30:12,29,28,1,0,0,0
2026-01-15T03:30:13,29,28,1,0,0,0
2026-01-15T03:30:14,29,28,1,0,0,0
2026-01-15T03:30:16,29,28,1,16,0,0
2026-01-15T03:30:17,29,28,1,16,0,0
2026-01-15T03:30:18,29,28,1,16,0,0
2026-01-15T03:30:19,29,28,1,16,0,0
2026-01-15T03:30:20,29,28,1,16,0,0
2026-01-15T03:30:21,29,28,1,16,0,0
2026-01-15T03:30:23,29,28,1,16,0,0
2026-01-15T03:30:24,29,28,1,16,0,0
2026-01-15T03:30:25,29,28,1,16,0,0
2026-01-15T03:30:26,29,28,1,16,0,0
2026-01-15T03:30:27,29,28,1,0,0,0
2026-01-15T03:30:28,29,28,1,0,0,0
2026-01-15T03:30:29,29,28,1,0,0,0
2026-01-15T03:30:31,29,28,1,0,0,0
2026-01-15T03:30:32,29,28,1,0,0,0
2026-01-15T03:30:33,29,28,1,0,0,0
2026-01-15T03:30:34,29,28,1,0,0,0
2026-01-15T03:30:35,29,28,1,0,0,0
2026-01-15T03:30:37,29,28,1,0,0,0
2026-01-15T03:30:38,29,28,1,0,0,0
2026-01-15T03:30:39,29,28,1,0,0,0
2026-01-15T03:30:40,29,28,1,0,0,0
2026-01-15T03:30:42,29,28,1,0,0,0
2026-01-15T03:30:43,29,28,1,0,0,0
2026-01-15T03:30:44,29,28,1,0,0,0
2026-01-15T03:30:45,29,28,1,0,0,0
2026-01-15T03:30:46,29,28,1,0,0,0
2026-01-15T03:30:47,29,28,1,0,0,0
2026-01-15T03:30:48,29,28,1,0,0,0
2026-01-15T03:30:50,29,28,1,0,0,0
2026-01-15T03:30:51,29,28,1,0,0,0
2026-01-15T03:30:52,29,28,1,0,0,0
2026-01-15T03:30:53,29,28,1,0,0,0
2026-01-15T03:30:54,29,28,1,0,0,0
2026-01-15T03:30:56,29,28,1,0,0,0
2026-01-15T03:30:57,29,28,1,0,0,0
2026-01-15T03:30:58,29,28,1,0,0,0
2026-01-15T03:30:59,29,28,1,0,0,0
2026-01-15T03:31:00,29,28,1,0,0,0
2026-01-15T03:31:01,29,28,1,0,0,0
2026-01-15T03:31:02,29,28,1,0,0,0
2026-01-15T03:31:03,29,28,1,0,0,0
2026-01-15T03:31:04,29,28,1,0,0,0
2026-01-15T03:31:05,29,28,1,0,0,0
2026-01-15T03:31:06,29,28,1,0,0,0
2026-01-15T03:31:07,29,28,1,0,0,0
2026-01-15T03:31:08,29,28,1,0,0,0
2026-01-15T03:31:09,29,28,1,0,0,0
2026-01-15T03:31:10,29,28,1,0,0,0
2026-01-15T03:31:11,29,28,1,0,0,0
2026-01-15T03:31:12,29,28,1,0,0,0
2026-01-15T03:31:13,29,28,1,0,0,0
2026-01-15T03:31:14,29,28,1,0,0,0
2026-01-15T03:31:15,29,28,1,0,0,0
2026-01-15T03:31:16,29,28,1,0,0,0
2026-01-15T03:31:17,29,28,1,0,0,0
2026-01-15T03:31:18,29,28,1,0,0,0
2026-01-15T03:31:19,29,28,1,0,0,0
2026-01-15T03:31:20,29,28,1,0,0,0
2026-01-15T03:31:21,29,28,1,0,0,0
2026-01-15T03:31:22,29,28,1,0,0,0
2026-01-15T03:31:23,29,28,1,0,0,0
2026-01-15T03:31:24,29,28,1,0,0,0
2026-01-15T03:31:25,29,28,1,0,0,0
2026-01-15T03:31:26,29,28,1,0,0,0
2026-01-15T03:31:27,29,28,1,0,0,0
2026-01-15T03:31:28,29,28,1,0,0,0
2026-01-15T03:31:29,29,28,1,0,0,0
2026-01-15T03:31:30,29,28,1,0,0,0
2026-01-15T03:31:31,29,28,1,0,0,0
2026-01-15T03:31:32,29,28,1,0,0,0
2026-01-15T03:31:33,29,28,1,0,0,0
2026-01-15T03:31:34,29,28,1,0,0,0
2026-01-15T03:31:36,29,28,1,0,0,0
2026-01-15T03:31:37,29,28,1,0,0,0
2026-01-15T03:31:38,29,28,1,0,0,0
2026-01-15T03:31:39,29,28,1,0,0,0
2026-01-15T03:31:41,29,28,1,0,0,0
2026-01-15T03:31:42,29,28,1,0,0,0
2026-01-15T03:31:43,29,28,1,0,0,0
2026-01-15T03:31:44,29,28,1,0,0,0
2026-01-15T03:31:45,29,28,1,0,0,0
2026-01-15T03:31:47,29,28,1,0,0,0
2026-01-15T03:31:48,29,28,1,0,0,0
2026-01-15T03:31:49,29,28,1,0,0,0
2026-01-15T03:31:50,29,28,1,0,0,0
2026-01-15T03:31:51,29,28,1,0,0,0
2026-01-15T03:31:52,29,28,1,0,0,0
2026-01-15T03:31:53,29,28,1,0,0,0
2026-01-15T03:31:54,29,28,1,0,0,0
2026-01-15T03:31:55,29,28,1,0,0,0
2026-01-15T03:31:56,29,28,1,0,0,0
2026-01-15T03:31:57,29,28,1,0,0,0
2026-01-15T03:31:58,29,28,1,0,0,0
2026-01-15T03:31:59,29,28,1,0,0,0
2026-01-15T03:32:00,29,28,1,0,0,0
2026-01-15T03:32:01,29,28,1,0,0,0
2026-01-15T03:32:02,29,28,1,0,0,0
2026-01-15T03:32:03,29,28,1,0,0,0
2026-01-15T03:32:04,29,28,1,0,0,0
2026-01-15T03:32:05,29,28,1,0,0,0
2026-01-15T03:32:06,29,28,1,0,0,0
2026-01-15T03:32:07,29,28,1,0,0,0
2026-01-15T03:32:08,29,28,1,0,0,0
2026-01-15T03:32:09,29,28,1,0,0,0
2026-01-15T03:32:10,29,28,1,0,0,0
2026-01-15T03:32:11,29,28,1,0,0,0
2026-01-15T03:32:12,29,28,1,0,0,0
2026-01-15T03:32:13,29,28,1,0,0,0
2026-01-15T03:32:14,29,28,1,0,0,0
2026-01-15T03:32:15,29,28,1,0,0,0
2026-01-15T03:32:16,29,28,1,0,0,0
2026-01-15T03:32:17,29,28,1,0,0,0
2026-01-15T03:32:18,29,28,1,0,0,0
2026-01-15T03:32:19,29,28,1,0,0,0
2026-01-15T03:32:20,29,28,1,0,0,0
2026-01-15T03:32:21,29,28,1,0,0,0
2026-01-15T03:32:22,29,28,1,0,0,0
2026-01-15T03:32:23,29,28,1,0,0,0
2026-01-15T03:32:24,29,28,1,0,0,0
2026-01-15T03:32:25,29,28,1,0,0,0
2026-01-15T03:32:26,29,28,1,0,0,0
2026-01-15T03:32:27,29,28,1,0,0,0
2026-01-15T03:32:28,29,28,1,3,0,0
2026-01-15T03:32:29,29,28,1,3,0,0
2026-01-15T03:32:30,29,28,1,3,0,0
2026-01-15T03:32:31,29,28,1,3,0,0
2026-01-15T03:32:32,29,28,1,3,0,0
2026-01-15T03:32:33,29,28,1,3,0,0
2026-01-15T03:32:34,29,28,1,3,0,0
2026-01-15T03:32:35,29,28,1,3,0,0
2026-01-15T03:32:36,29,28,1,3,0,0
2026-01-15T03:32:37,29,28,1,3,0,0
2026-01-15T03:32:38,29,28,1,0,0,0
2026-01-15T03:32:39,29,28,1,0,0,0
2026-01-15T03:32:40,29,28,1,0,0,0
2026-01-15T03:32:41,29,28,1,0,0,0
2026-01-15T03:32:42,29,28,1,0,0,0
2026-01-15T03:32:43,29,28,1,0,0,0
2026-01-15T03:32:44,29,28,1,0,0,0
2026-01-15T03:32:45,29,28,1,0,0,0
2026-01-15T03:32:46,29,28,1,0,0,0
2026-01-15T03:32:47,29,28,1,0,0,0
2026-01-15T03:32:48,29,28,1,0,0,0
2026-01-15T03:32:49,29,28,1,0,0,0
2026-01-15T03:32:51,29,28,1,0,0,0
2026-01-15T03:32:52,29,28,1,0,0,0
2026-01-15T03:32:53,29,28,1,0,0,0
2026-01-15T03:32:54,29,28,1,0,0,0
2026-01-15T03:32:55,29,28,1,0,0,0
2026-01-15T03:32:56,29,28,1,0,0,0
2026-01-15T03:32:58,29,28,1,0,0,0
2026-01-15T03:32:59,29,28,1,0,0,0
2026-01-15T03:33:00,29,28,1,0,0,0
2026-01-15T03:33:01,29,28,1,0,0,0
2026-01-15T03:33:02,29,28,1,0,0,0
2026-01-15T03:33:04,29,28,1,0,0,0
2026-01-15T03:33:05,29,28,1,0,0,0
2026-01-15T03:33:06,29,28,1,0,0,0
2026-01-15T03:33:07,29,28,1,0,0,0
2026-01-15T03:33:08,29,28,1,0,0,0
2026-01-15T03:33:09,29,28,1,0,0,0
2026-01-15T03:33:10,29,28,1,0,0,0
2026-01-15T03:33:11,29,28,1,0,0,0
2026-01-15T03:33:12,29,28,1,0,0,0
2026-01-15T03:33:13,29,28,1,0,0,0
2026-01-15T03:33:14,29,28,1,0,0,0
2026-01-15T03:33:15,29,28,1,0,0,0
2026-01-15T03:33:16,29,28,1,0,0,0
2026-01-15T03:33:17,29,28,1,0,0,0
2026-01-15T03:33:18,29,28,1,0,0,0
2026-01-15T03:33:19,29,28,1,0,0,0
2026-01-15T03:33:20,29,28,1,0,0,0
2026-01-15T03:33:21,29,28,1,0,0,0
2026-01-15T03:33:22,29,28,1,0,0,0
2026-01-15T03:33:23,29,28,1,0,0,0
2026-01-15T03:33:24,29,28,1,0,0,0
2026-01-15T03:33:25,29,28,1,0,0,0
2026-01-15T03:33:26,29,28,1,0,0,0
2026-01-15T03:33:27,29,28,1,0,0,0
2026-01-15T03:33:28,29,28,1,0,0,0
2026-01-15T03:33:29,29,28,1,0,0,0
2026-01-15T03:33:30,29,28,1,35,0,0
2026-01-15T03:33:31,29,28,1,35,0,0
2026-01-15T03:33:32,29,28,1,35,0,0
2026-01-15T03:33:33,29,28,1,35,0,0
2026-01-15T03:33:35,29,28,1,35,0,0
2026-01-15T03:33:36,29,28,1,35,0,0
2026-01-15T03:33:37,29,28,1,35,0,0
2026-01-15T03:33:38,29,28,1,35,0,0
2026-01-15T03:33:39,29,28,1,35,0,0
2026-01-15T03:33:40,29,28,1,35,0,0
2026-01-15T03:33:41,29,28,1,0,0,0
2026-01-15T03:33:42,29,28,1,0,0,0
2026-01-15T03:33:43,29,28,1,0,0,0
2026-01-15T03:33:44,29,28,1,0,0,0
2026-01-15T03:33:45,29,28,1,0,0,0
2026-01-15T03:33:46,29,28,1,0,0,0
2026-01-15T03:33:47,29,28,1,0,0,0
2026-01-15T03:33:48,29,28,1,0,0,0
2026-01-15T03:33:49,29,28,1,0,0,0
2026-01-15T03:33:50,29,28,1,0,0,0
2026-01-15T03:33:51,29,28,1,0,0,0
2026-01-15T03:33:52,29,28,1,0,0,0
2026-01-15T03:33:53,29,28,1,0,0,0
2026-01-15T03:33:54,29,28,1,0,0,0
2026-01-15T03:33:55,29,28,1,0,0,0
2026-01-15T03:33:56,29,28,1,0,0,0
2026-01-15T03:33:57,29,28,1,0,0,0
2026-01-15T03:33:58,29,28,1,0,0,0
2026-01-15T03:33:59,29,28,1,0,0,0
2026-01-15T03:34:00,29,28,1,0,0,0
2026-01-15T03:34:01,29,28,1,0,0,0
2026-01-15T03:34:02,29,28,1,16,0,0
2026-01-15T03:34:03,29,28,1,16,0,0
2026-01-15T03:34:04,29,28,1,16,0,0
2026-01-15T03:34:05,29,28,1,16,0,0
2026-01-15T03:34:06,29,28,1,16,0,0
2026-01-15T03:34:07,29,28,1,16,0,0
2026-01-15T03:34:08,29,28,1,16,0,0
2026-01-15T03:34:09,29,28,1,16,0,0
2026-01-15T03:34:10,29,28,1,16,0,0
2026-01-15T03:34:11,29,28,1,16,0,0
2026-01-15T03:34:13,29,28,1,0,0,0
2026-01-15T03:34:14,29,28,1,0,0,0
2026-01-15T03:34:15,29,28,1,0,0,0
2026-01-15T03:34:16,29,28,1,0,0,0
2026-01-15T03:34:17,29,28,1,0,0,0
2026-01-15T03:34:18,29,28,1,0,0,0
2026-01-15T03:34:19,29,28,1,0,0,0
2026-01-15T03:34:21,29,28,1,0,0,0
2026-01-15T03:34:22,29,28,1,0,0,0
2026-01-15T03:34:23,29,28,1,0,0,0
2026-01-15T03:34:24,29,28,1,0,0,0
2026-01-15T03:34:25,29,28,1,0,0,0
2026-01-15T03:34:26,29,28,1,0,0,0
2026-01-15T03:34:27,29,28,1,0,0,0
2026-01-15T03:34:28,29,28,1,0,0,0
2026-01-15T03:34:29,29,28,1,0,0,0
2026-01-15T03:34:30,29,28,1,0,0,0
2026-01-15T03:34:31,29,28,1,0,0,0
2026-01-15T03:34:32,29,28,1,0,0,0
2026-01-15T03:34:33,29,28,1,0,0,0
2026-01-15T03:34:34,29,28,1,0,0,0
2026-01-15T03:34:35,29,28,1,0,0,0
2026-01-15T03:34:36,29,28,1,0,0,0
2026-01-15T03:34:37,29,28,1,0,0,0
2026-01-15T03:34:38,29,28,1,0,0,0
2026-01-15T03:34:39,29,28,1,0,0,0
2026-01-15T03:34:40,29,28,1,0,0,0
2026-01-15T03:34:41,29,28,1,0,0,0
2026-01-15T03:34:42,29,28,1,0,0,0
2026-01-15T03:34:43,29,28,1,0,0,0
2026-01-15T03:34:44,29,28,1,0,0,0
2026-01-15T03:34:45,29,28,1,0,0,0
2026-01-15T03:34:46,29,28,1,0,0,0
2026-01-15T03:34:47,29,28,1,0,0,0
2026-01-15T03:34:48,29,28,1,0,0,0
2026-01-15T03:34:49,29,28,1,0,0,0
2026-01-15T03:34:50,29,28,1,0,0,0
2026-01-15T03:34:51,29,28,1,0,0,0
2026-01-15T03:34:52,29,28,1,0,0,0
2026-01-15T03:34:53,29,28,1,0,0,0
2026-01-15T03:34:54,29,28,1,0,0,0
2026-01-15T03:34:55,29,28,1,0,0,0
2026-01-15T03:34:56,29,28,1,0,0,0
2026-01-15T03:34:57,29,28,1,0,0,0
2026-01-15T03:34:58,29,28,1,0,0,0
2026-01-15T03:34:59,29,28,1,0,0,0
2026-01-15T03:35:00,29,28,1,0,0,0
2026-01-15T03:35:01,29,28,1,0,0,0
2026-01-15T03:35:02,29,28,1,0,0,0
2026-01-15T03:35:03,29,28,1,0,0,0
2026-01-15T03:35:04,29,28,1,0,0,0
2026-01-15T03:35:05,29,28,1,0,0,0
2026-01-15T03:35:06,29,28,1,0,0,0
2026-01-15T03:35:07,29,28,1,0,0,0
2026-01-15T03:35:08,29,28,1,0,0,0
2026-01-15T03:35:09,29,28,1,0,0,0
2026-01-15T03:35:10,29,28,1,0,0,0
2026-01-15T03:35:11,29,28,1,0,0,0
2026-01-15T03:35:12,29,28,1,0,0,0
2026-01-15T03:35:13,29,28,1,0,0,0
2026-01-15T03:35:14,29,28,1,0,0,0
2026-01-15T03:35:15,29,28,1,0,0,0
2026-01-15T03:35:16,29,28,1,0,0,0
2026-01-15T03:35:17,29,28,1,0,0,0
2026-01-15T03:35:18,29,28,1,0,0,0
2026-01-15T03:35:19,29,28,1,0,0,0
2026-01-15T03:35:20,29,28,1,0,0,0
2026-01-15T03:35:21,30,28,2,10,1,0
2026-01-15T03:35:22,30,28,2,10,1,0
2026-01-15T03:35:24,30,28,2,10,1,0
2026-01-15T03:35:25,30,28,2,10,1,0
2026-01-15T03:35:26,30,28,2,10,1,0
2026-01-15T03:35:27,30,28,2,10,1,0
2026-01-15T03:35:28,30,28,2,10,1,0
2026-01-15T03:35:29,30,28,2,10,1,0
2026-01-15T03:35:30,30,28,2,10,1,0
2026-01-15T03:35:32,30,28,2,10,1,0
2026-01-15T03:35:33,30,28,2,0,0,0
2026-01-15T03:35:34,30,28,2,0,0,0
2026-01-15T03:35:35,30,28,2,0,0,0
2026-01-15T03:35:36,30,28,2,0,0,0
2026-01-15T03:35:37,30,28,2,0,0,0
2026-01-15T03:35:38,30,28,2,0,0,0
2026-01-15T03:35:39,30,28,2,0,0,0
2026-01-15T03:35:40,30,28,2,0,0,0
2026-01-15T03:35:41,30,28,2,0,0,0
2026-01-15T03:35:42,30,28,2,0,0,0
2026-01-15T03:35:43,30,28,2,0,0,0
2026-01-15T03:35:44,30,28,2,0,0,0
2026-01-15T03:35:45,30,28,2,0,0,0
2026-01-15T03:35:46,30,28,2,0,0,0
2026-01-15T03:35:47,30,28,2,0,0,0
2026-01-15T03:35:48,30,28,2,0,0,0
2026-01-15T03:35:49,30,28,2,0,0,0
2026-01-15T03:35:50,30,28,2,0,0,0
2026-01-15T03:35:51,30,28,2,0,0,0
2026-01-15T03:35:52,30,28,2,0,0,0
2026-01-15T03:35:53,30,28,2,0,0,0
2026-01-15T03:35:54,30,28,2,0,0,0
2026-01-15T03:35:55,30,28,2,0,0,0
2026-01-15T03:35:56,30,28,2,0,0,0
2026-01-15T03:35:58,30,28,2,0,0,0
2026-01-15T03:35:59,30,28,2,0,0,0
2026-01-15T03:36:00,30,28,2,0,0,0
2026-01-15T03:36:01,30,28,2,0,0,0
2026-01-15T03:36:02,30,28,2,0,0,0
2026-01-15T03:36:03,30,28,2,0,0,0
2026-01-15T03:36:04,30,28,2,0,0,0
2026-01-15T03:36:05,30,28,2,0,0,0
2026-01-15T03:36:06,30,28,2,0,0,0
2026-01-15T03:36:07,30,28,2,0,0,0
2026-01-15T03:36:08,30,28,2,0,0,0
2026-01-15T03:36:09,30,28,2,0,0,0
2026-01-15T03:36:10,30,28,2,0,0,0
2026-01-15T03:36:11,30,28,2,0,0,0
2026-01-15T03:36:12,30,28,2,0,0,0
2026-01-15T03:36:13,30,28,2,0,0,0
2026-01-15T03:36:14,29,28,1,0,-1,0
2026-01-15T03:36:15,29,28,1,0,-1,0
2026-01-15T03:36:16,29,28,1,0,-1,0
2026-01-15T03:36:17,29,28,1,0,-1,0
2026-01-15T03:36:18,30,28,2,0,0,0
2026-01-15T03:36:19,30,28,2,0,0,0
2026-01-15T03:36:20,30,28,2,0,0,0
2026-01-15T03:36:21,30,28,2,0,0,0
2026-01-15T03:36:22,30,28,2,0,0,0
2026-01-15T03:36:23,40,28,12,0,10,0
2026-01-15T03:36:24,29,28,1,0,0,0
2026-01-15T03:36:25,29,28,1,0,0,0
2026-01-15T03:36:26,29,28,1,0,0,0
2026-01-15T03:36:27,29,28,1,0,0,0
2026-01-15T03:36:28,29,28,1,0,-1,0
2026-01-15T03:36:29,29,28,1,0,-1,0
2026-01-15T03:36:30,29,28,1,0,-1,0
2026-01-15T03:36:31,29,28,1,0,-1,0
2026-01-15T03:36:32,29,28,1,0,-1,0
2026-01-15T03:36:33,29,28,1,0,-11,0
2026-01-15T03:36:34,29,28,1,0,0,0
2026-01-15T03:36:35,29,28,1,0,0,0
2026-01-15T03:36:36,29,28,1,0,0,0
2026-01-15T03:36:37,29,28,1,0,0,0
2026-01-15T03:36:38,29,28,1,0,0,0
2026-01-15T03:36:39,29,28,1,0,0,0
2026-01-15T03:36:40,29,28,1,0,0,0
2026-01-15T03:36:41,29,28,1,0,0,0
2026-01-15T03:36:42,29,28,1,0,0,0
2026-01-15T03:36:44,29,28,1,0,0,0
2026-01-15T03:36:45,29,28,1,0,0,0
2026-01-15T03:36:46,29,28,1,0,0,0
2026-01-15T03:36:47,29,28,1,0,0,0
2026-01-15T03:36:48,29,28,1,0,0,0
2026-01-15T03:36:49,29,28,1,0,0,0
2026-01-15T03:36:51,29,28,1,0,0,0
2026-01-15T03:36:52,29,28,1,0,0,0
2026-01-15T03:36:53,29,28,1,0,0,0
2026-01-15T03:36:54,29,28,1,0,0,0
2026-01-15T03:36:55,29,28,1,0,0,0
2026-01-15T03:36:56,29,28,1,0,0,0
2026-01-15T03:36:57,29,28,1,0,0,0
2026-01-15T03:36:58,29,28,1,0,0,0
2026-01-15T03:36:59,29,28,1,0,0,0
2026-01-15T03:37:00,29,28,1,0,0,0
2026-01-15T03:37:01,29,28,1,0,0,0
2026-01-15T03:37:02,29,28,1,0,0,0
2026-01-15T03:37:03,29,28,1,0,0,0
2026-01-15T03:37:04,29,28,1,0,0,0
2026-01-15T03:37:05,29,28,1,0,0,0
2026-01-15T03:37:06,29,28,1,0,0,0
2026-01-15T03:37:07,29,28,1,0,0,0
2026-01-15T03:37:08,29,28,1,0,0,0
2026-01-15T03:37:09,29,28,1,0,0,0
2026-01-15T03:37:10,29,28,1,0,0,0
2026-01-15T03:37:11,29,28,1,0,0,0
2026-01-15T03:37:12,29,28,1,0,0,0
2026-01-15T03:37:13,29,28,1,0,0,0
2026-01-15T03:37:14,29,28,1,0,0,0
2026-01-15T03:37:15,29,28,1,0,0,0
2026-01-15T03:37:16,29,28,1,0,0,0
2026-01-15T03:37:17,29,28,1,0,0,0
2026-01-15T03:37:18,29,28,1,0,0,0
2026-01-15T03:37:19,29,28,1,0,0,0
2026-01-15T03:37:20,29,28,1,0,0,0
2026-01-15T03:37:21,29,28,1,0,0,0
2026-01-15T03:37:22,29,28,1,0,0,0
2026-01-15T03:37:23,29,28,1,0,0,0
2026-01-15T03:37:24,29,28,1,0,0,0
2026-01-15T03:37:25,29,28,1,0,0,0
2026-01-15T03:37:26,29,28,1,0,0,0
2026-01-15T03:37:27,29,28,1,0,0,0
2026-01-15T03:37:28,29,28,1,0,0,0
2026-01-15T03:37:29,29,28,1,0,0,0
2026-01-15T03:37:30,29,28,1,0,0,0
2026-01-15T03:37:31,29,28,1,0,0,0
2026-01-15T03:37:32,29,28,1,0,0,0
2026-01-15T03:37:33,29,28,1,0,0,0
2026-01-15T03:37:34,29,28,1,0,0,0
2026-01-15T03:37:35,29,28,1,0,0,0
2026-01-15T03:37:36,29,28,1,0,0,0
2026-01-15T03:37:37,29,28,1,0,0,0
2026-01-15T03:37:38,29,28,1,0,0,0
2026-01-15T03:37:39,29,28,1,0,0,0
2026-01-15T03:37:40,29,28,1,0,0,0
2026-01-15T03:37:41,29,28,1,0,0,0
2026-01-15T03:37:42,29,28,1,0,0,0
2026-01-15T03:37:43,29,28,1,0,0,0
2026-01-15T03:37:44,29,28,1,0,0,0
2026-01-15T03:37:45,29,28,1,0,0,0
2026-01-15T03:37:46,29,28,1,0,0,0
2026-01-15T03:37:47,29,28,1,0,0,0
2026-01-15T03:37:48,29,28,1,0,0,0
2026-01-15T03:37:49,29,28,1,0,0,0
2026-01-15T03:37:50,29,28,1,0,0,0
2026-01-15T03:37:52,29,28,1,0,0,0
2026-01-15T03:37:53,29,28,1,0,0,0
2026-01-15T03:37:54,29,28,1,0,0,0
2026-01-15T03:37:55,29,28,1,0,0,0
2026-01-15T03:37:56,29,28,1,0,0,0
2026-01-15T03:37:57,29,28,1,1,0,0
2026-01-15T03:37:58,29,28,1,1,0,0
2026-01-15T03:37:59,29,28,1,1,0,0
2026-01-15T03:38:00,29,28,1,1,0,0
2026-01-15T03:38:01,29,28,1,12,0,0
2026-01-15T03:38:02,29,28,1,12,0,0
2026-01-15T03:38:04,29,28,1,12,0,0
2026-01-15T03:38:05,29,28,1,12,0,0
2026-01-15T03:38:06,28,24,4,22,3,-4
2026-01-15T03:38:07,28,24,4,22,3,-4
2026-01-15T03:38:08,28,24,4,21,3,-4
2026-01-15T03:38:10,28,24,4,21,3,-4
2026-01-15T03:38:11,28,24,4,21,3,-4
2026-01-15T03:38:12,29,23,6,21,5,-5
2026-01-15T03:38:13,29,23,6,10,5,-5
2026-01-15T03:38:14,29,23,6,10,5,-5
2026-01-15T03:38:15,29,23,6,10,5,-5
2026-01-15T03:38:16,30,24,6,138,5,-4
2026-01-15T03:38:17,29,24,5,128,1,0
2026-01-15T03:38:18,29,24,5,128,1,0
2026-01-15T03:38:19,29,24,5,128,1,0
2026-01-15T03:38:20,29,24,5,128,1,0
2026-01-15T03:38:21,29,24,5,128,1,0
2026-01-15T03:38:22,29,24,5,128,-1,1
2026-01-15T03:38:23,29,24,5,128,-1,1
2026-01-15T03:38:24,29,24,5,128,-1,1
2026-01-15T03:38:25,29,24,5,128,-1,1
2026-01-15T03:38:26,29,24,5,0,-1,0
2026-01-15T03:38:27,29,24,5,0,0,0
2026-01-15T03:38:28,29,24,5,0,0,0
2026-01-15T03:38:29,29,24,5,0,0,0
2026-01-15T03:38:30,29,24,5,0,0,0
2026-01-15T03:38:31,29,24,5,0,0,0
2026-01-15T03:38:32,29,24,5,0,0,0
2026-01-15T03:38:33,29,24,5,0,0,0
2026-01-15T03:38:34,29,23,6,0,1,-1
2026-01-15T03:38:35,29,23,6,0,1,-1
2026-01-15T03:38:36,29,23,6,0,1,-1
2026-01-15T03:38:37,40,17,23,0,18,-7
2026-01-15T03:38:38,39,17,22,0,17,-7
2026-01-15T03:38:39,30,23,7,0,2,-1
2026-01-15T03:38:40,30,23,7,0,2,-1
2026-01-15T03:38:41,30,23,7,0,2,-1
2026-01-15T03:38:42,30,23,7,0,2,-1
2026-01-15T03:38:43,30,23,7,0,2,-1
2026-01-15T03:38:44,30,23,7,0,1,0
2026-01-15T03:38:45,30,23,7,0,1,0
2026-01-15T03:38:46,30,23,7,0,1,0
2026-01-15T03:38:47,30,23,7,0,-16,6
2026-01-15T03:38:48,30,23,7,0,-15,6
2026-01-15T03:38:49,29,23,6,0,-1,0
2026-01-15T03:38:50,29,23,6,0,-1,0
2026-01-15T03:38:51,29,23,6,0,-1,0
2026-01-15T03:38:52,29,23,6,0,-1,0
2026-01-15T03:38:54,29,23,6,0,-1,0
2026-01-15T03:38:55,29,23,6,0,-1,0
2026-01-15T03:38:56,29,23,6,0,-1,0
2026-01-15T03:38:57,29,23,6,0,-1,0
2026-01-15T03:38:58,29,23,6,0,-1,0
2026-01-15T03:38:59,29,23,6,0,-1,0
2026-01-15T03:39:00,29,23,6,0,0,0
2026-01-15T03:39:01,29,23,6,0,0,0
2026-01-15T03:39:02,29,23,6,0,0,0
2026-01-15T03:39:03,29,23,6,0,0,0
2026-01-15T03:39:04,29,23,6,0,0,0
2026-01-15T03:39:05,29,23,6,0,0,0
2026-01-15T03:39:06,29,23,6,0,0,0
2026-01-15T03:39:07,29,23,6,0,0,0
2026-01-15T03:39:08,29,23,6,0,0,0
2026-01-15T03:39:09,29,23,6,0,0,0
2026-01-15T03:39:10,29,23,6,0,0,0
2026-01-15T03:39:11,29,23,6,0,0,0
2026-01-15T03:39:12,29,23,6,0,0,0
2026-01-15T03:39:13,29,23,6,0,0,0
2026-01-15T03:39:14,31,24,7,0,1,1
2026-01-15T03:39:15,25,24,1,0,-5,1
2026-01-15T03:39:17,25,24,1,0,-5,1
2026-01-15T03:39:18,25,24,1,88,-5,1
2026-01-15T03:39:19,25,24,1,88,-5,1
2026-01-15T03:39:20,25,24,1,88,-5,1
2026-01-15T03:39:21,25,24,1,88,-5,1
2026-01-15T03:39:23,25,24,1,88,-5,1
2026-01-15T03:39:24,25,24,1,88,-5,1
2026-01-15T03:39:25,25,24,1,88,-5,1
2026-01-15T03:39:26,25,24,1,88,-6,0
2026-01-15T03:39:27,25,24,1,88,0,0
2026-01-15T03:39:28,25,24,1,88,0,0
2026-01-15T03:39:29,25,24,1,0,0,0
2026-01-15T03:39:30,25,24,1,0,0,0
2026-01-15T03:39:31,25,24,1,0,0,0
2026-01-15T03:39:32,25,24,1,0,0,0
2026-01-15T03:39:33,25,24,1,0,0,0
2026-01-15T03:39:34,25,24,1,0,0,0
2026-01-15T03:39:35,25,24,1,0,0,0
2026-01-15T03:39:36,25,24,1,0,0,0
2026-01-15T03:39:37,25,24,1,0,0,0
2026-01-15T03:39:38,25,24,1,0,0,0
2026-01-15T03:39:39,25,24,1,0,0,0
2026-01-15T03:39:40,25,24,1,0,0,0
2026-01-15T03:39:41,25,24,1,0,0,0
2026-01-15T03:39:42,25,24,1,0,0,0
2026-01-15T03:39:43,25,24,1,0,0,0
2026-01-15T03:39:44,25,24,1,0,0,0
2026-01-15T03:39:45,25,24,1,0,0,0
2026-01-15T03:39:46,25,24,1,0,0,0
2026-01-15T03:39:47,25,24,1,0,0,0
2026-01-15T03:39:48,25,24,1,0,0,0
2026-01-15T03:39:49,25,22,3,0,2,-2
2026-01-15T03:39:50,25,22,3,0,2,-2
2026-01-15T03:39:51,25,22,3,0,2,-2
2026-01-15T03:39:52,25,21,4,0,3,-3
2026-01-15T03:39:53,25,21,4,0,3,-3
2026-01-15T03:39:54,25,21,4,0,3,-3
2026-01-15T03:39:55,25,21,4,0,3,-3
2026-01-15T03:39:56,25,21,4,0,3,-3
2026-01-15T03:39:57,25,21,4,0,3,-3
2026-01-15T03:39:58,25,21,4,0,3,-3
2026-01-15T03:39:59,25,21,4,0,1,-1
2026-01-15T03:40:00,25,21,4,0,1,-1
2026-01-15T03:40:01,25,21,4,0,1,-1
2026-01-15T03:40:02,25,21,4,0,0,0
2026-01-15T03:40:03,25,21,4,0,0,0
2026-01-15T03:40:04,25,21,4,0,0,0
2026-01-15T03:40:05,25,21,4,0,0,0
2026-01-15T03:40:06,25,21,4,0,0,0
2026-01-15T03:40:07,25,21,4,0,0,0
2026-01-15T03:40:08,25,21,4,0,0,0
2026-01-15T03:40:09,25,21,4,0,0,0
2026-01-15T03:40:10,25,21,4,0,0,0
2026-01-15T03:40:11,25,21,4,0,0,0
2026-01-15T03:40:12,25,21,4,0,0,0
2026-01-15T03:40:13,25,21,4,0,0,0
2026-01-15T03:40:14,25,21,4,0,0,0
2026-01-15T03:40:15,25,21,4,0,0,0
2026-01-15T03:40:16,25,21,4,0,0,0
2026-01-15T03:40:17,25,21,4,0,0,0
2026-01-15T03:40:19,25,21,4,0,0,0
2026-01-15T03:40:20,25,21,4,0,0,0
2026-01-15T03:40:21,25,21,4,0,0,0
2026-01-15T03:40:22,25,21,4,0,0,0
2026-01-15T03:40:23,25,21,4,0,0,0
2026-01-15T03:40:24,25,21,4,0,0,0
2026-01-15T03:40:25,25,21,4,0,0,0
2026-01-15T03:40:26,25,21,4,0,0,0
2026-01-15T03:40:27,25,21,4,0,0,0
2026-01-15T03:40:28,25,21,4,0,0,0
2026-01-15T03:40:29,25,21,4,0,0,0
2026-01-15T03:40:30,25,21,4,0,0,0
2026-01-15T03:40:31,25,21,4,0,0,0
2026-01-15T03:40:32,25,21,4,0,0,0
2026-01-15T03:40:33,25,21,4,0,0,0
2026-01-15T03:40:34,25,21,4,0,0,0
2026-01-15T03:40:36,25,21,4,0,0,0
2026-01-15T03:40:37,25,21,4,0,0,0
2026-01-15T03:40:38,25,21,4,0,0,0
2026-01-15T03:40:39,25,21,4,0,0,0
2026-01-15T03:40:40,25,21,4,0,0,0
2026-01-15T03:40:42,25,21,4,0,0,0
2026-01-15T03:40:43,25,21,4,0,0,0
2026-01-15T03:40:44,25,21,4,0,0,0
2026-01-15T03:40:45,25,21,4,0,0,0
2026-01-15T03:40:46,25,21,4,0,0,0
2026-01-15T03:40:47,25,21,4,0,0,0
2026-01-15T03:40:48,25,21,4,0,0,0
2026-01-15T03:40:49,25,21,4,0,0,0
2026-01-15T03:40:50,25,21,4,0,0,0
2026-01-15T03:40:51,25,21,4,0,0,0
2026-01-15T03:40:52,25,21,4,0,0,0
2026-01-15T03:40:53,25,21,4,0,0,0
2026-01-15T03:40:54,25,21,4,0,0,0
2026-01-15T03:40:55,25,21,4,0,0,0
2026-01-15T03:40:56,25,21,4,0,0,0
2026-01-15T03:40:57,25,21,4,0,0,0
2026-01-15T03:40:58,25,21,4,0,0,0
2026-01-15T03:40:59,22,21,1,0,-3,0
2026-01-15T03:41:00,22,21,1,0,-3,0
2026-01-15T03:41:01,22,21,1,0,-3,0
2026-01-15T03:41:02,22,21,1,0,-3,0
2026-01-15T03:41:03,22,21,1,0,-3,0
2026-01-15T03:41:04,22,21,1,0,-3,0
2026-01-15T03:41:05,22,21,1,0,-3,0
2026-01-15T03:41:06,22,21,1,0,-3,0
2026-01-15T03:41:07,22,21,1,0,-3,0
2026-01-15T03:41:08,22,21,1,0,-3,0
2026-01-15T03:41:09,22,21,1,0,0,0
2026-01-15T03:41:10,22,21,1,0,0,0
2026-01-15T03:41:11,22,21,1,0,0,0
2026-01-15T03:41:12,22,21,1,0,0,0
2026-01-15T03:41:13,22,21,1,0,0,0
2026-01-15T03:41:14,22,21,1,0,0,0
2026-01-15T03:41:15,22,21,1,0,0,0
2026-01-15T03:41:16,22,21,1,0,0,0
2026-01-15T03:41:17,22,21,1,0,0,0
2026-01-15T03:41:18,26,25,1,72,0,4
2026-01-15T03:41:19,26,25,1,72,0,4
2026-01-15T03:41:20,25,21,4,80,3,0
2026-01-15T03:41:21,25,21,4,80,3,0
2026-01-15T03:41:22,25,21,4,80,3,0
2026-01-15T03:41:23,25,21,4,80,3,0
2026-01-15T03:41:24,25,21,4,80,3,0
2026-01-15T03:41:25,25,21,4,80,3,0
2026-01-15T03:41:26,25,21,4,80,3,0
2026-01-15T03:41:27,25,21,4,80,3,0
2026-01-15T03:41:28,25,21,4,8,3,-4
2026-01-15T03:41:29,23,21,2,8,1,-4
2026-01-15T03:41:30,23,21,2,0,-2,0
2026-01-15T03:41:31,23,21,2,0,-2,0
2026-01-15T03:41:32,23,21,2,0,-2,0
2026-01-15T03:41:33,23,21,2,0,-2,0
2026-01-15T03:41:34,23,21,2,0,-2,0
2026-01-15T03:41:35,22,17,5,10,1,-4
2026-01-15T03:41:36,22,17,5,10,1,-4
2026-01-15T03:41:37,22,17,5,10,1,-4
2026-01-15T03:41:38,22,18,4,10,0,-3
2026-01-15T03:41:39,22,18,4,10,2,-3
2026-01-15T03:41:40,22,18,4,10,2,-3
2026-01-15T03:41:41,22,18,4,10,2,-3
2026-01-15T03:41:42,22,18,4,10,2,-3
2026-01-15T03:41:43,22,18,4,10,2,-3
2026-01-15T03:41:44,22,18,4,10,2,-3
2026-01-15T03:41:45,22,18,4,0,-1,1
2026-01-15T03:41:47,22,18,4,0,-1,1
2026-01-15T03:41:48,22,18,4,0,-1,1
2026-01-15T03:41:49,22,18,4,0,0,0
2026-01-15T03:41:50,25,17,8,0,4,-1
2026-01-15T03:41:52,24,17,7,0,3,-1
2026-01-15T03:41:53,24,17,7,0,3,-1
2026-01-15T03:41:54,24,17,7,0,3,-1
2026-01-15T03:41:55,24,17,7,0,3,-1
2026-01-15T03:41:57,25,16,9,0,5,-2
2026-01-15T03:41:58,25,16,9,0,5,-2
2026-01-15T03:41:59,25,16,9,0,5,-2
2026-01-15T03:42:00,24,16,8,0,4,-2
2026-01-15T03:42:01,26,18,8,0,4,0
2026-01-15T03:42:02,24,18,6,0,-2,1
2026-01-15T03:42:03,24,17,7,0,0,0
2026-01-15T03:42:04,25,17,8,0,1,0
2026-01-15T03:42:05,25,17,8,0,1,0
2026-01-15T03:42:06,23,17,6,0,-1,0
2026-01-15T03:42:07,26,17,9,0,0,1
2026-01-15T03:42:08,25,17,8,0,-1,1
2026-01-15T03:42:09,23,16,7,0,-2,0
2026-01-15T03:42:10,23,16,7,0,-1,0
2026-01-15T03:42:11,25,17,8,0,0,-1
2026-01-15T03:42:13,25,18,7,0,1,0
2026-01-15T03:42:14,25,18,7,0,0,1
2026-01-15T03:42:15,25,18,7,0,-1,1
2026-01-15T03:42:16,25,18,7,0,-1,1
2026-01-15T03:42:17,25,18,7,0,1,1
2026-01-15T03:42:18,25,18,7,0,-2,1
2026-01-15T03:42:19,25,18,7,0,-1,1
2026-01-15T03:42:20,26,18,8,0,1,2
2026-01-15T03:42:21,26,18,8,0,1,2
2026-01-15T03:42:22,26,18,8,0,0,1
2026-01-15T03:42:23,26,18,8,0,1,0
2026-01-15T03:42:24,25,18,7,0,0,0
2026-01-15T03:42:25,25,18,7,0,0,0
2026-01-15T03:42:26,26,18,8,0,1,0
2026-01-15T03:42:27,26,18,8,0,1,0
2026-01-15T03:42:28,24,18,6,0,-1,0
2026-01-15T03:42:29,25,18,7,0,0,0
2026-01-15T03:42:30,25,18,7,0,-1,0
2026-01-15T03:42:31,25,18,7,0,-1,0
2026-01-15T03:42:32,25,18,7,0,-1,0
2026-01-15T03:42:33,25,18,7,0,-1,0
2026-01-15T03:42:34,25,18,7,0,0,0
2026-01-15T03:42:35,25,18,7,0,0,0
2026-01-15T03:42:36,25,18,7,0,-1,0
2026-01-15T03:42:37,25,18,7,0,-1,0
2026-01-15T03:42:38,25,18,7,0,1,0
2026-01-15T03:42:39,25,18,7,0,0,0
2026-01-15T03:42:40,25,18,7,0,0,0
2026-01-15T03:42:41,25,18,7,0,0,0
2026-01-15T03:42:42,25,18,7,0,0,0
2026-01-15T03:42:43,25,18,7,0,0,0
2026-01-15T03:42:44,25,18,7,0,0,0
2026-01-15T03:42:45,25,18,7,0,0,0
2026-01-15T03:42:46,24,18,6,0,-1,0
2026-01-15T03:42:47,24,18,6,0,-1,0
2026-01-15T03:42:48,24,18,6,0,-1,0
2026-01-15T03:42:49,24,18,6,0,-1,0
2026-01-15T03:42:50,26,18,8,0,1,0
2026-01-15T03:42:51,26,18,8,0,1,0
2026-01-15T03:42:52,26,18,8,0,1,0
2026-01-15T03:42:53,26,18,8,0,1,0
2026-01-15T03:42:54,26,18,8,0,1,0
2026-01-15T03:42:55,26,20,6,0,-1,2
2026-01-15T03:42:56,26,17,9,0,3,-1
2026-01-15T03:42:57,26,17,9,0,3,-1
2026-01-15T03:42:58,26,21,5,0,-1,3
2026-01-15T03:42:59,26,21,5,0,-1,3
2026-01-15T03:43:00,26,21,5,0,-3,3
2026-01-15T03:43:01,26,21,5,0,-3,3
2026-01-15T03:43:02,26,21,5,0,-3,3
2026-01-15T03:43:03,26,21,5,0,-3,3
2026-01-15T03:43:04,26,20,6,0,-2,2
2026-01-15T03:43:05,26,20,6,0,0,0
2026-01-15T03:43:07,26,21,5,0,-4,4
2026-01-15T03:43:08,26,21,5,0,-4,4
2026-01-15T03:43:09,26,21,5,0,0,0
2026-01-15T03:43:10,26,20,6,0,1,-1
2026-01-15T03:43:11,26,20,6,0,1,-1
2026-01-15T03:43:13,26,20,6,0,1,-1
2026-01-15T03:43:14,26,21,5,0,0,0
2026-01-15T03:43:15,26,21,5,0,0,0
2026-01-15T03:43:16,26,21,5,0,-1,1
2026-01-15T03:43:17,26,21,5,0,-1,1
2026-01-15T03:43:18,26,21,5,0,0,0
2026-01-15T03:43:19,26,21,5,0,0,0
2026-01-15T03:43:20,26,17,9,0,4,-4
2026-01-15T03:43:21,25,17,8,0,2,-3
2026-01-15T03:43:22,25,17,8,0,2,-3
2026-01-15T03:43:23,25,20,5,0,-1,0
2026-01-15T03:43:24,25,21,4,0,-1,0
2026-01-15T03:43:25,26,21,5,0,0,0
2026-01-15T03:43:26,26,21,5,0,0,0
2026-01-15T03:43:27,26,21,5,0,0,0
2026-01-15T03:43:28,26,21,5,0,0,0
2026-01-15T03:43:29,26,21,5,0,0,0
2026-01-15T03:43:30,26,21,5,0,-4,4
2026-01-15T03:43:31,26,21,5,0,-3,4
2026-01-15T03:43:32,26,21,5,0,-3,4
2026-01-15T03:43:33,26,21,5,0,0,1
2026-01-15T03:43:34,26,20,6,0,2,-1
2026-01-15T03:43:35,26,17,9,0,4,-4
2026-01-15T03:43:36,26,17,9,0,4,-4
2026-01-15T03:43:37,26,20,6,0,1,-1
2026-01-15T03:43:38,26,21,5,0,0,0
2026-01-15T03:43:39,26,20,6,0,1,-1
2026-01-15T03:43:40,26,17,9,0,4,-4
2026-01-15T03:43:41,26,17,9,0,4,-4
2026-01-15T03:43:42,25,21,4,0,-1,0
2026-01-15T03:43:43,26,21,5,0,0,0
2026-01-15T03:43:44,26,17,9,0,3,-3
2026-01-15T03:43:45,25,17,8,0,-1,0
2026-01-15T03:43:46,25,17,8,0,-1,0
2026-01-15T03:43:47,25,20,5,0,-1,0
2026-01-15T03:43:48,25,21,4,0,-1,0
2026-01-15T03:43:49,26,21,5,0,-1,1
2026-01-15T03:43:50,26,20,6,0,-3,3
2026-01-15T03:43:51,26,20,6,0,-3,3
2026-01-15T03:43:52,26,20,6,0,2,-1
2026-01-15T03:43:54,26,21,5,0,0,0
2026-01-15T03:43:55,26,21,5,0,-4,4
2026-01-15T03:43:56,25,17,8,0,0,0
2026-01-15T03:43:57,25,16,9,0,1,-1
2026-01-15T03:43:58,25,16,9,0,4,-4
2026-01-15T03:43:59,25,16,9,0,5,-5
2026-01-15T03:44:00,26,16,10,0,5,-5
2026-01-15T03:44:01,26,16,10,0,4,-4
2026-01-15T03:44:02,26,16,10,0,4,-4
2026-01-15T03:44:03,26,16,10,0,4,-4
2026-01-15T03:44:04,26,16,10,0,5,-5
2026-01-15T03:44:05,26,16,10,0,5,-5
2026-01-15T03:44:06,33,17,16,20,8,0
2026-01-15T03:44:07,33,17,16,20,7,1
2026-01-15T03:44:08,33,16,17,20,8,0
2026-01-15T03:44:09,29,16,13,20,4,0
2026-01-15T03:44:10,33,16,17,20,7,0
2026-01-15T03:44:11,33,17,16,20,6,1
2026-01-15T03:44:12,33,17,16,20,6,1
2026-01-15T03:44:13,33,18,15,20,5,2
2026-01-15T03:44:14,33,19,14,20,4,3
2026-01-15T03:44:15,32,19,13,20,3,3
2026-01-15T03:44:16,33,19,14,0,-2,2
2026-01-15T03:44:17,33,19,14,0,-2,2
2026-01-15T03:44:18,33,20,13,0,-4,4
2026-01-15T03:44:19,33,19,14,8,1,3
2026-01-15T03:44:20,32,17,15,8,-2,1
2026-01-15T03:44:21,32,17,15,8,-1,0
2026-01-15T03:44:23,28,16,12,8,-4,-1
2026-01-15T03:44:24,32,16,16,8,1,-2
2026-01-15T03:44:25,32,17,15,8,1,-2
2026-01-15T03:44:26,32,19,13,8,0,0
2026-01-15T03:44:28,32,19,13,8,-1,0
2026-01-15T03:44:29,30,24,6,8,-8,5
2026-01-15T03:44:30,29,17,12,8,-1,-3
2026-01-15T03:44:31,29,22,7,0,-7,3
2026-01-15T03:44:32,29,21,8,0,-7,4
2026-01-15T03:44:34,29,23,6,0,-9,6
2026-01-15T03:44:35,29,23,6,0,-6,7
2026-01-15T03:44:36,29,21,8,0,-8,5
2026-01-15T03:44:37,28,22,6,0,-9,5
2026-01-15T03:44:39,28,16,12,0,-1,-3
2026-01-15T03:44:40,29,20,9,0,-4,1
2026-01-15T03:44:41,27,17,10,0,4,-7
2026-01-15T03:44:42,26,21,5,0,-7,4
2026-01-15T03:44:43,28,20,8,0,1,-2
2026-01-15T03:44:45,28,16,12,0,4,-5
2026-01-15T03:44:46,28,15,13,0,7,-8
2026-01-15T03:44:47,26,16,10,0,4,-7
2026-01-15T03:44:48,26,23,3,0,-5,2
2026-01-15T03:44:49,26,21,5,0,-1,-1
2026-01-15T03:44:50,26,21,5,0,-7,5
2026-01-15T03:44:52,28,15,13,0,4,-5
2026-01-15T03:44:53,28,20,8,0,-2,3
2026-01-15T03:44:54,28,16,12,0,7,-5
2026-01-15T03:44:56,28,17,11,0,3,-3
2026-01-15T03:44:57,28,21,7,0,-5,5
2026-01-15T03:44:58,28,17,11,0,-2,2
2026-01-15T03:44:59,28,23,5,0,-5,7
2026-01-15T03:45:00,29,20,9,0,6,-3
2026-01-15T03:45:02,28,17,11,0,6,-4
2026-01-15T03:45:03,28,21,7,0,2,0
2026-01-15T03:45:04,28,20,8,0,-5,5
2026-01-15T03:45:05,28,20,8,0,0,0
2026-01-15T03:45:06,28,20,8,0,-4,4
2026-01-15T03:45:07,28,20,8,0,-3,3
2026-01-15T03:45:09,28,20,8,0,1,-1
2026-01-15T03:45:10,28,20,8,0,-3,3
2026-01-15T03:45:11,28,20,8,0,3,-3
2026-01-15T03:45:12,28,20,8,0,-1,0
2026-01-15T03:45:13,28,20,8,0,-3,3
2026-01-15T03:45:15,28,23,5,0,-2,2
2026-01-15T03:45:16,23,22,1,6,-7,2
2026-01-15T03:45:17,24,22,2,6,-6,2
2026-01-15T03:45:18,24,22,2,12,-6,2
2026-01-15T03:45:19,24,22,2,12,-6,2
2026-01-15T03:45:20,24,22,2,12,-6,2
2026-01-15T03:45:22,24,22,2,12,-6,2
2026-01-15T03:45:23,23,22,1,12,-7,2
2026-01-15T03:45:24,23,22,1,12,-7,2
2026-01-15T03:45:25,23,22,1,12,-7,2
2026-01-15T03:45:26,23,22,1,12,-4,-1
2026-01-15T03:45:27,23,22,1,6,0,0
2026-01-15T03:45:28,23,22,1,6,-1,0
2026-01-15T03:45:29,23,22,1,0,-1,0
2026-01-15T03:45:30,23,22,1,0,-1,0
2026-01-15T03:45:31,23,22,1,0,-1,0
2026-01-15T03:45:32,23,22,1,0,-1,0
2026-01-15T03:45:33,23,22,1,0,0,0
2026-01-15T03:45:34,23,20,3,0,2,-2
2026-01-15T03:45:35,23,22,1,0,0,0
2026-01-15T03:45:36,24,22,2,2,1,0
2026-01-15T03:45:37,25,20,5,5,4,-2
2026-01-15T03:45:39,25,22,3,5,2,0
2026-01-15T03:45:40,25,22,3,5,2,0
2026-01-15T03:45:41,25,22,3,5,2,0
2026-01-15T03:45:42,25,22,3,5,2,0
2026-01-15T03:45:43,25,22,3,5,2,0
2026-01-15T03:45:44,34,22,12,5,11,0
2026-01-15T03:45:45,27,23,4,5,1,3
2026-01-15T03:45:47,27,22,5,5,4,0
2026-01-15T03:45:48,27,22,5,3,3,0
2026-01-15T03:45:49,33,22,11,17,6,2
2026-01-15T03:45:50,28,22,6,17,3,0
2026-01-15T03:45:51,28,22,6,17,3,0
2026-01-15T03:45:52,28,22,6,17,3,0
2026-01-15T03:45:53,28,22,6,17,3,0
2026-01-15T03:45:54,28,22,6,17,3,0
2026-01-15T03:45:55,28,22,6,17,-6,0
2026-01-15T03:45:56,38,22,16,17,12,-1
2026-01-15T03:45:57,27,16,11,17,6,-6
2026-01-15T03:45:58,27,20,7,17,2,-2
2026-01-15T03:45:59,27,20,7,0,-4,-2
2026-01-15T03:46:00,27,20,7,0,1,-2
2026-01-15T03:46:01,28,16,12,0,6,-6
2026-01-15T03:46:02,34,16,18,0,12,-6
2026-01-15T03:46:03,32,16,16,0,10,-6
2026-01-15T03:46:04,29,16,13,0,7,-6
2026-01-15T03:46:05,38,20,18,0,12,-2
2026-01-15T03:46:06,40,22,18,0,2,0
2026-01-15T03:46:07,39,22,17,0,6,6
2026-01-15T03:46:08,38,20,18,0,11,0
2026-01-15T03:46:09,29,21,8,0,1,1
2026-01-15T03:46:10,26,21,5,0,-2,1
2026-01-15T03:46:11,37,17,20,0,8,1
2026-01-15T03:46:12,28,21,7,0,-11,5
2026-01-15T03:46:13,28,21,7,0,-9,5
2026-01-15T03:46:14,30,17,13,0,0,1
2026-01-15T03:46:15,30,17,13,0,-5,-3
2026-01-15T03:46:16,30,21,9,0,-9,-1
2026-01-15T03:46:17,30,21,9,0,-8,-1
2026-01-15T03:46:18,28,21,7,0,-11,1
2026-01-15T03:46:19,34,16,18,0,10,-5
2026-01-15T03:46:20,37,20,17,0,12,-1
2026-01-15T03:46:21,35,16,19,0,-1,-1
2026-01-15T03:46:22,33,16,17,0,10,-5
2026-01-15T03:46:23,37,20,17,0,10,-1
2026-01-15T03:46:24,32,17,15,0,2,0
2026-01-15T03:46:25,36,21,15,0,2,4
2026-01-15T03:46:26,28,19,9,0,0,-2
2026-01-15T03:46:27,34,19,15,0,6,-2
2026-01-15T03:46:28,29,21,8,0,1,0
2026-01-15T03:46:29,36,22,14,0,-4,6
2026-01-15T03:46:30,30,23,7,0,-10,3
2026-01-15T03:46:32,30,23,7,0,-12,7
2026-01-15T03:46:33,30,23,7,0,-10,7
2026-01-15T03:46:34,30,23,7,0,-10,3
2026-01-15T03:46:35,25,23,2,0,-13,6
2026-01-15T03:46:36,30,19,11,0,-4,-2
2026-01-15T03:46:37,25,20,5,0,-4,1
2026-01-15T03:46:38,32,19,13,0,-2,0
2026-01-15T03:46:39,25,19,6,0,-2,-2
2026-01-15T03:46:40,29,19,10,0,-4,-3
2026-01-15T03:46:41,25,19,6,0,-1,-4
2026-01-15T03:46:42,25,19,6,0,-1,-4
2026-01-15T03:46:43,25,19,6,0,-1,-4
2026-01-15T03:46:44,25,19,6,0,-1,-4
2026-01-15T03:46:45,35,19,16,0,14,-4
2026-01-15T03:46:46,26,19,7,0,-4,0
2026-01-15T03:46:47,26,19,7,0,2,-1
2026-01-15T03:46:48,26,19,7,0,-6,0
2026-01-15T03:46:49,26,19,7,0,1,0
2026-01-15T03:46:50,25,19,6,0,-4,0
2026-01-15T03:46:51,25,19,6,0,0,0
2026-01-15T03:46:52,24,19,5,0,-1,0
2026-01-15T03:46:53,24,19,5,0,-1,0
2026-01-15T03:46:54,24,19,5,0,-1,0
2026-01-15T03:46:55,24,19,5,0,-11,0
2026-01-15T03:46:57,24,19,5,0,-2,0
2026-01-15T03:46:58,24,19,5,0,-2,0
2026-01-15T03:46:59,24,19,5,0,-2,0
2026-01-15T03:47:00,24,19,5,0,-2,0
2026-01-15T03:47:02,24,19,5,0,-1,0
2026-01-15T03:47:03,24,19,5,0,-1,0
2026-01-15T03:47:04,24,19,5,0,0,0
2026-01-15T03:47:05,24,19,5,0,0,0
2026-01-15T03:47:07,24,19,5,0,0,0
2026-01-15T03:47:08,24,19,5,0,0,0
2026-01-15T03:47:09,24,19,5,0,0,0
2026-01-15T03:47:10,34,23,11,0,6,4
2026-01-15T03:47:11,25,22,3,0,-2,3
2026-01-15T03:47:12,24,22,2,0,-3,3
2026-01-15T03:47:13,26,22,4,0,-1,3
2026-01-15T03:47:14,26,21,5,0,0,2
2026-01-15T03:47:15,26,21,5,0,0,2
2026-01-15T03:47:16,26,21,5,0,0,2
2026-01-15T03:47:17,26,21,5,0,0,2
2026-01-15T03:47:18,26,21,5,0,0,2
2026-01-15T03:47:19,26,21,5,0,0,2
2026-01-15T03:47:20,26,21,5,0,-6,-2
2026-01-15T03:47:21,26,21,5,0,2,-1
2026-01-15T03:47:22,26,21,5,0,3,-1
2026-01-15T03:47:23,26,21,5,0,1,-1
2026-01-15T03:47:24,26,21,5,0,0,0
2026-01-15T03:47:25,26,21,5,0,0,0
2026-01-15T03:47:26,26,21,5,0,0,0
2026-01-15T03:47:27,26,21,5,0,0,0
2026-01-15T03:47:28,26,21,5,0,0,0
2026-01-15T03:47:29,26,21,5,0,0,0
2026-01-15T03:47:30,26,21,5,0,0,0
2026-01-15T03:47:31,26,21,5,0,0,0
2026-01-15T03:47:32,26,21,5,0,0,0
2026-01-15T03:47:33,26,21,5,0,0,0
2026-01-15T03:47:34,26,21,5,0,0,0
2026-01-15T03:47:35,26,21,5,0,0,0
2026-01-15T03:47:36,26,21,5,0,0,0
2026-01-15T03:47:37,26,21,5,0,0,0
2026-01-15T03:47:38,26,21,5,0,0,0
2026-01-15T03:47:39,26,21,5,0,0,0
2026-01-15T03:47:40,26,21,5,0,0,0
2026-01-15T03:47:41,26,21,5,0,0,0
2026-01-15T03:47:42,26,21,5,0,0,0
2026-01-15T03:47:43,26,21,5,0,0,0
2026-01-15T03:47:44,26,21,5,0,0,0
2026-01-15T03:47:45,26,20,6,124,1,-1
2026-01-15T03:47:46,26,21,5,124,0,0
2026-01-15T03:47:47,26,21,5,124,0,0
2026-01-15T03:47:48,26,21,5,124,0,0
2026-01-15T03:47:49,26,21,5,124,0,0
2026-01-15T03:47:50,26,21,5,124,0,0
2026-01-15T03:47:51,26,21,5,124,0,0
2026-01-15T03:47:52,26,21,5,124,0,0
2026-01-15T03:47:53,26,21,5,124,0,0
2026-01-15T03:47:54,26,21,5,124,0,0
2026-01-15T03:47:55,26,21,5,0,-1,1
2026-01-15T03:47:56,26,21,5,0,0,0
2026-01-15T03:47:57,26,21,5,0,0,0
2026-01-15T03:47:58,26,21,5,0,0,0
2026-01-15T03:47:59,25,21,4,0,-1,0
2026-01-15T03:48:00,25,21,4,0,-1,0
2026-01-15T03:48:01,22,20,2,0,-3,-1
2026-01-15T03:48:02,22,20,2,0,-3,-1
2026-01-15T03:48:03,22,20,2,0,-3,-1
2026-01-15T03:48:04,22,20,2,0,-3,-1
2026-01-15T03:48:05,22,20,2,0,-3,-1
2026-01-15T03:48:06,28,20,8,2,3,-1
2026-01-15T03:48:07,27,20,7,2,2,-1
2026-01-15T03:48:08,25,20,5,2,0,-1
2026-01-15T03:48:09,26,21,5,2,1,0
2026-01-15T03:48:10,26,21,5,2,1,0
2026-01-15T03:48:12,26,21,5,2,3,1
2026-01-15T03:48:13,26,21,5,2,3,1
2026-01-15T03:48:14,26,20,6,2,4,0
2026-01-15T03:48:15,26,20,6,2,4,0
2026-01-15T03:48:16,26,20,6,2,4,0
2026-01-15T03:48:17,26,21,5,0,-3,1
2026-01-15T03:48:19,26,21,5,10,-2,1
2026-01-15T03:48:20,26,21,5,10,0,1
2026-01-15T03:48:21,26,21,5,10,0,0
2026-01-15T03:48:22,26,21,5,10,0,0
2026-01-15T03:48:23,26,21,5,10,0,0
2026-01-15T03:48:24,26,21,5,10,0,0
2026-01-15T03:48:25,26,21,5,10,-1,1
2026-01-15T03:48:26,26,21,5,10,-1,1
2026-01-15T03:48:27,26,21,5,10,-1,1
2026-01-15T03:48:28,26,21,5,10,0,0
2026-01-15T03:48:29,26,21,5,0,0,0
2026-01-15T03:48:30,26,21,5,0,0,0
2026-01-15T03:48:31,26,21,5,0,0,0
2026-01-15T03:48:32,26,21,5,0,0,0
2026-01-15T03:48:33,26,21,5,0,0,0
2026-01-15T03:48:34,26,21,5,0,0,0
2026-01-15T03:48:35,26,21,5,0,0,0
2026-01-15T03:48:36,26,21,5,0,0,0
2026-01-15T03:48:37,26,21,5,0,0,0
2026-01-15T03:48:39,26,21,5,0,0,0
2026-01-15T03:48:40,26,21,5,0,0,0
2026-01-15T03:48:41,26,21,5,0,0,0
2026-01-15T03:48:42,26,21,5,0,0,0
2026-01-15T03:48:43,26,21,5,0,0,0
2026-01-15T03:48:44,26,22,4,0,-1,1
2026-01-15T03:48:45,27,23,4,0,-1,2
2026-01-15T03:48:46,27,21,6,0,1,0
2026-01-15T03:48:47,26,21,5,0,0,0
2026-01-15T03:48:48,26,21,5,0,0,0
2026-01-15T03:48:49,26,21,5,0,0,0
2026-01-15T03:48:50,27,23,4,0,-1,2
2026-01-15T03:48:51,27,23,4,0,-1,2
2026-01-15T03:48:52,27,23,4,0,-1,2
2026-01-15T03:48:53,27,23,4,0,-1,2
2026-01-15T03:48:54,27,23,4,0,0,1
2026-01-15T03:48:55,27,23,4,0,0,0
2026-01-15T03:48:56,27,23,4,0,-2,2
2026-01-15T03:48:57,27,23,4,0,-1,2
2026-01-15T03:48:58,27,23,4,0,-1,2
2026-01-15T03:48:59,27,23,4,0,-1,2
2026-01-15T03:49:00,27,23,4,0,0,0
2026-01-15T03:49:01,27,23,4,0,0,0
2026-01-15T03:49:02,27,23,4,0,0,0
2026-01-15T03:49:03,27,23,4,0,0,0
2026-01-15T03:49:04,27,23,4,0,0,0
2026-01-15T03:49:05,27,23,4,0,0,0
2026-01-15T03:49:06,27,23,4,0,0,0
2026-01-15T03:49:07,27,23,4,0,0,0
2026-01-15T03:49:08,27,23,4,0,0,0
2026-01-15T03:49:09,27,23,4,0,0,0
2026-01-15T03:49:10,27,23,4,0,0,0
2026-01-15T03:49:11,27,23,4,0,0,0
2026-01-15T03:49:12,27,23,4,0,0,0
2026-01-15T03:49:13,27,23,4,0,0,0
2026-01-15T03:49:14,26,23,3,0,-1,0
2026-01-15T03:49:15,28,23,5,0,1,0
2026-01-15T03:49:16,28,23,5,0,1,0
2026-01-15T03:49:17,28,23,5,0,1,0
2026-01-15T03:49:18,28,23,5,0,1,0
2026-01-15T03:49:19,28,23,5,0,1,0
2026-01-15T03:49:20,28,23,5,0,1,0
2026-01-15T03:49:21,28,23,5,0,1,0
2026-01-15T03:49:22,28,23,5,0,1,0
2026-01-15T03:49:23,28,23,5,0,1,0
2026-01-15T03:49:24,28,23,5,0,2,0
2026-01-15T03:49:25,28,23,5,0,0,0
2026-01-15T03:49:26,28,23,5,0,0,0
2026-01-15T03:49:28,28,23,5,0,0,0
2026-01-15T03:49:29,28,23,5,0,0,0
2026-01-15T03:49:30,28,23,5,0,0,0
2026-01-15T03:49:31,28,23,5,0,0,0
2026-01-15T03:49:32,28,23,5,0,0,0
2026-01-15T03:49:33,28,23,5,0,0,0
2026-01-15T03:49:34,28,23,5,0,0,0
2026-01-15T03:49:36,28,23,5,0,0,0
2026-01-15T03:49:37,28,23,5,0,0,0
2026-01-15T03:49:38,28,23,5,0,0,0
2026-01-15T03:49:39,28,23,5,0,0,0
2026-01-15T03:49:40,28,23,5,0,0,0
2026-01-15T03:49:41,28,23,5,0,0,0
2026-01-15T03:49:42,28,23,5,0,0,0
2026-01-15T03:49:43,28,23,5,0,0,0
2026-01-15T03:49:44,28,23,5,0,0,0
2026-01-15T03:49:45,28,23,5,0,0,0
2026-01-15T03:49:46,28,23,5,0,0,0
2026-01-15T03:49:47,28,23,5,0,0,0
2026-01-15T03:49:48,28,23,5,0,0,0
2026-01-15T03:49:49,25,21,4,0,-1,-2
2026-01-15T03:49:50,26,21,5,0,0,-2
2026-01-15T03:49:51,26,21,5,0,0,-2
2026-01-15T03:49:52,26,21,5,0,0,-2
2026-01-15T03:49:53,26,21,5,0,0,-2
2026-01-15T03:49:54,26,21,5,0,0,-2
2026-01-15T03:49:55,26,21,5,0,0,-2
2026-01-15T03:49:56,26,21,5,0,0,-2
2026-01-15T03:49:57,31,21,10,0,5,-2
2026-01-15T03:49:58,27,22,5,0,0,-1
2026-01-15T03:49:59,27,22,5,0,1,1
2026-01-15T03:50:00,27,22,5,0,0,1
2026-01-15T03:50:02,29,22,7,0,2,1
2026-01-15T03:50:03,27,22,5,0,0,1
2026-01-15T03:50:04,27,22,5,0,0,1
2026-01-15T03:50:05,27,22,5,0,0,1
2026-01-15T03:50:06,30,22,8,0,3,1
2026-01-15T03:50:07,30,22,8,0,3,1
2026-01-15T03:50:08,30,22,8,0,-2,1
2026-01-15T03:50:09,30,22,8,0,3,0
2026-01-15T03:50:10,27,22,5,0,0,0
2026-01-15T03:50:11,27,22,5,0,0,0
2026-01-15T03:50:12,27,22,5,0,-2,0
2026-01-15T03:50:13,27,22,5,0,0,0
2026-01-15T03:50:14,26,22,4,0,-1,0
2026-01-15T03:50:15,26,22,4,0,-1,0
2026-01-15T03:50:16,26,22,4,0,-4,0
2026-01-15T03:50:17,26,22,4,0,-4,0
2026-01-15T03:50:18,26,22,4,0,-4,0
2026-01-15T03:50:19,26,22,4,0,-4,0
2026-01-15T03:50:20,26,22,4,0,-1,0
2026-01-15T03:50:21,26,22,4,0,-1,0
2026-01-15T03:50:22,26,22,4,0,-1,0
2026-01-15T03:50:23,26,22,4,0,-1,0
2026-01-15T03:50:24,23,21,2,0,-2,-1
2026-01-15T03:50:25,22,21,1,0,-3,-1
2026-01-15T03:50:26,22,21,1,0,-3,-1
2026-01-15T03:50:27,22,21,1,0,-3,-1
2026-01-15T03:50:28,22,21,1,0,-3,-1
2026-01-15T03:50:29,22,21,1,0,-3,-1
2026-01-15T03:50:30,22,21,1,0,-3,-1
2026-01-15T03:50:31,22,21,1,0,-3,-1
2026-01-15T03:50:32,22,21,1,0,-3,-1
2026-01-15T03:50:33,22,21,1,0,-3,-1
2026-01-15T03:50:34,22,21,1,0,-1,0
2026-01-15T03:50:35,22,21,1,0,0,0
2026-01-15T03:50:36,22,21,1,0,0,0
2026-01-15T03:50:37,22,21,1,0,0,0
2026-01-15T03:50:38,22,21,1,0,0,0
2026-01-15T03:50:39,22,21,1,0,0,0
2026-01-15T03:50:40,22,21,1,0,0,0
2026-01-15T03:50:41,22,21,1,0,0,0
2026-01-15T03:50:42,22,21,1,0,0,0
2026-01-15T03:50:43,22,21,1,0,0,0
2026-01-15T03:50:44,22,21,1,0,0,0
2026-01-15T03:50:45,22,21,1,0,0,0
2026-01-15T03:50:47,22,21,1,0,0,0
2026-01-15T03:50:48,22,21,1,0,0,0
2026-01-15T03:50:49,22,21,1,0,0,0
2026-01-15T03:50:50,22,21,1,0,0,0
2026-01-15T03:50:52,22,21,1,0,0,0
2026-01-15T03:50:53,22,21,1,0,0,0
2026-01-15T03:50:54,22,21,1,0,0,0
2026-01-15T03:50:55,22,21,1,0,0,0
2026-01-15T03:50:57,22,21,1,0,0,0
2026-01-15T03:50:58,22,21,1,0,0,0
2026-01-15T03:50:59,22,21,1,0,0,0
2026-01-15T03:51:00,22,21,1,0,0,0
2026-01-15T03:51:01,22,21,1,0,0,0
2026-01-15T03:51:02,22,21,1,0,0,0
2026-01-15T03:51:03,22,21,1,0,0,0
2026-01-15T03:51:04,22,21,1,0,0,0
2026-01-15T03:51:05,22,21,1,0,0,0
2026-01-15T03:51:06,22,21,1,0,0,0
2026-01-15T03:51:07,22,21,1,0,0,0
2026-01-15T03:51:08,22,21,1,0,0,0
2026-01-15T03:51:09,22,21,1,0,0,0
2026-01-15T03:51:10,26,21,5,18,4,0
2026-01-15T03:51:11,26,21,5,18,4,0
2026-01-15T03:51:12,25,21,4,18,3,0
2026-01-15T03:51:13,25,21,4,18,3,0
2026-01-15T03:51:14,25,21,4,18,3,0
2026-01-15T03:51:15,25,21,4,18,3,0
2026-01-15T03:51:16,25,21,4,18,3,0
2026-01-15T03:51:17,25,21,4,18,3,0
2026-01-15T03:51:18,25,21,4,18,3,0
2026-01-15T03:51:19,25,21,4,18,3,0
2026-01-15T03:51:20,25,21,4,0,-1,0
2026-01-15T03:51:21,25,21,4,0,-1,0
2026-01-15T03:51:22,25,21,4,0,0,0
2026-01-15T03:51:23,25,21,4,0,0,0
2026-01-15T03:51:24,25,21,4,0,0,0
2026-01-15T03:51:25,25,21,4,0,0,0
2026-01-15T03:51:26,25,21,4,0,0,0
2026-01-15T03:51:27,25,21,4,0,0,0
2026-01-15T03:51:28,25,21,4,0,0,0
2026-01-15T03:51:29,25,21,4,0,0,0
2026-01-15T03:51:30,25,21,4,0,0,0
2026-01-15T03:51:31,25,21,4,0,0,0
2026-01-15T03:51:32,25,21,4,0,0,0
2026-01-15T03:51:33,25,21,4,0,0,0
2026-01-15T03:51:34,25,21,4,0,0,0
2026-01-15T03:51:35,25,21,4,0,0,0
2026-01-15T03:51:36,25,21,4,0,0,0
2026-01-15T03:51:37,25,21,4,0,0,0
2026-01-15T03:51:38,25,21,4,0,0,0
2026-01-15T03:51:39,25,21,4,0,0,0
2026-01-15T03:51:40,25,21,4,0,0,0
2026-01-15T03:51:41,25,21,4,0,0,0
2026-01-15T03:51:42,25,21,4,0,0,0
2026-01-15T03:51:43,25,21,4,0,0,0
2026-01-15T03:51:44,25,21,4,0,0,0
2026-01-15T03:51:45,25,21,4,0,0,0
2026-01-15T03:51:46,25,21,4,0,0,0
2026-01-15T03:51:47,25,21,4,0,0,0
2026-01-15T03:51:48,25,21,4,0,0,0
2026-01-15T03:51:49,25,21,4,0,0,0
2026-01-15T03:51:50,25,21,4,0,0,0
2026-01-15T03:51:51,25,21,4,0,0,0
2026-01-15T03:51:52,25,20,5,61,1,-1
2026-01-15T03:51:53,24,20,4,61,0,-1
2026-01-15T03:51:54,24,20,4,61,0,-1
2026-01-15T03:51:55,24,20,4,61,0,-1
2026-01-15T03:51:56,24,20,4,61,0,-1
2026-01-15T03:51:57,24,20,4,61,0,-1
2026-01-15T03:51:59,24,20,4,61,0,-1
2026-01-15T03:52:00,32,20,12,61,8,-1
2026-01-15T03:52:01,32,20,12,61,8,-1
2026-01-15T03:52:02,31,20,11,61,7,-1
2026-01-15T03:52:04,31,20,11,0,6,0
2026-01-15T03:52:05,29,20,9,0,5,0
2026-01-15T03:52:06,29,20,9,0,5,0
2026-01-15T03:52:08,29,20,9,0,5,0
2026-01-15T03:52:09,29,20,9,0,5,0
2026-01-15T03:52:10,29,20,9,0,5,0
2026-01-15T03:52:11,29,20,9,0,5,0
2026-01-15T03:52:12,29,20,9,0,-3,0
2026-01-15T03:52:13,24,20,4,0,-8,0
2026-01-15T03:52:14,23,20,3,0,-8,0
2026-01-15T03:52:15,23,20,3,0,-8,0
2026-01-15T03:52:16,23,20,3,0,-6,0
2026-01-15T03:52:17,23,20,3,0,-6,0
2026-01-15T03:52:18,23,20,3,0,-6,0
2026-01-15T03:52:19,23,20,3,0,-6,0
2026-01-15T03:52:20,23,20,3,0,-6,0
2026-01-15T03:52:21,23,20,3,0,-6,0
2026-01-15T03:52:22,23,20,3,0,-6,0
2026-01-15T03:52:23,21,20,1,0,-3,0
2026-01-15T03:52:24,21,20,1,0,-2,0
2026-01-15T03:52:25,21,20,1,0,-2,0
2026-01-15T03:52:26,26,20,6,0,3,0
2026-01-15T03:52:27,25,20,5,0,2,0
2026-01-15T03:52:28,22,20,2,0,-1,0
2026-01-15T03:52:29,22,20,2,0,-1,0
2026-01-15T03:52:30,30,20,10,0,7,0
2026-01-15T03:52:31,29,20,9,0,6,0
2026-01-15T03:52:32,29,20,9,0,6,0
2026-01-15T03:52:33,23,20,3,0,2,0
2026-01-15T03:52:34,23,20,3,0,2,0
2026-01-15T03:52:35,23,20,3,0,2,0
2026-01-15T03:52:37,23,20,3,0,-3,0
2026-01-15T03:52:38,23,20,3,0,-2,0
2026-01-15T03:52:39,23,20,3,0,1,0
2026-01-15T03:52:40,23,20,3,0,1,0
2026-01-15T03:52:41,23,20,3,0,-7,0
2026-01-15T03:52:42,23,20,3,0,-6,0
2026-01-15T03:52:43,23,20,3,0,-6,0
2026-01-15T03:52:44,21,20,1,0,-2,0
2026-01-15T03:52:45,21,20,1,0,-2,0
2026-01-15T03:52:46,21,20,1,0,-2,0
2026-01-15T03:52:47,21,20,1,0,-2,0
2026-01-15T03:52:48,21,20,1,0,-2,0
2026-01-15T03:52:49,21,20,1,0,-2,0
2026-01-15T03:52:50,21,20,1,0,-2,0
2026-01-15T03:52:51,21,20,1,0,-2,0
2026-01-15T03:52:52,21,20,1,0,-2,0
2026-01-15T03:52:53,21,20,1,0,-2,0
2026-01-15T03:52:54,21,20,1,0,0,0
2026-01-15T03:52:55,21,20,1,0,0,0
2026-01-15T03:52:56,21,20,1,0,0,0
2026-01-15T03:52:57,21,20,1,0,0,0
2026-01-15T03:52:58,21,20,1,0,0,0
2026-01-15T03:52:59,21,20,1,0,0,0
2026-01-15T03:53:00,21,20,1,0,0,0
2026-01-15T03:53:01,21,20,1,0,0,0
2026-01-15T03:53:02,21,20,1,0,0,0
2026-01-15T03:53:03,21,20,1,0,0,0
2026-01-15T03:53:04,21,20,1,0,0,0
2026-01-15T03:53:05,21,20,1,0,0,0
2026-01-15T03:53:06,21,20,1,0,0,0
2026-01-15T03:53:07,21,20,1,0,0,0
2026-01-15T03:53:08,21,20,1,0,0,0
2026-01-15T03:53:09,21,20,1,0,0,0
2026-01-15T03:53:10,21,20,1,2,0,0
2026-01-15T03:53:11,21,20,1,2,0,0
2026-01-15T03:53:12,21,20,1,2,0,0
2026-01-15T03:53:13,21,20,1,2,0,0
2026-01-15T03:53:14,21,20,1,2,0,0
2026-01-15T03:53:15,21,20,1,2,0,0
2026-01-15T03:53:16,21,20,1,2,0,0
2026-01-15T03:53:17,21,20,1,2,0,0
2026-01-15T03:53:19,21,20,1,2,0,0
2026-01-15T03:53:20,21,20,1,2,0,0
2026-01-15T03:53:21,21,20,1,0,0,0
2026-01-15T03:53:22,21,20,1,0,0,0
2026-01-15T03:53:23,21,16,5,0,4,-4
2026-01-15T03:53:24,21,16,5,0,4,-4
2026-01-15T03:53:26,21,16,5,0,4,-4
2026-01-15T03:53:27,21,16,5,0,4,-4
2026-01-15T03:53:28,21,15,6,0,5,-5
2026-01-15T03:53:29,21,15,6,0,5,-5
2026-01-15T03:53:30,21,15,6,0,5,-5
2026-01-15T03:53:31,21,15,6,0,5,-5
2026-01-15T03:53:32,21,15,6,0,5,-5
2026-01-15T03:53:33,21,15,6,0,5,-5
2026-01-15T03:53:34,21,15,6,0,1,-1
2026-01-15T03:53:35,21,15,6,0,1,-1
2026-01-15T03:53:36,21,15,6,0,1,-1
2026-01-15T03:53:37,21,15,6,0,1,-1
2026-01-15T03:53:38,21,15,6,0,0,0
2026-01-15T03:53:39,21,15,6,0,0,0
2026-01-15T03:53:40,21,15,6,0,0,0
2026-01-15T03:53:41,21,15,6,0,0,0
2026-01-15T03:53:42,21,15,6,0,0,0
2026-01-15T03:53:43,21,15,6,0,0,0
2026-01-15T03:53:44,21,15,6,0,0,0
2026-01-15T03:53:45,21,15,6,0,0,0
2026-01-15T03:53:46,21,15,6,0,0,0
2026-01-15T03:53:47,21,15,6,0,0,0
2026-01-15T03:53:48,21,15,6,0,0,0
2026-01-15T03:53:49,29,15,14,24,8,0
2026-01-15T03:53:50,29,15,14,24,8,0
2026-01-15T03:53:51,29,15,14,24,8,0
2026-01-15T03:53:52,29,15,14,24,8,0
2026-01-15T03:53:53,29,17,12,24,6,2
2026-01-15T03:53:54,24,18,6,24,0,3
2026-01-15T03:53:55,24,18,6,24,0,3
2026-01-15T03:53:56,24,18,6,24,0,3
2026-01-15T03:53:57,24,18,6,24,0,3
2026-01-15T03:53:58,24,18,6,24,0,3
2026-01-15T03:53:59,24,17,7,0,-7,2
2026-01-15T03:54:00,24,17,7,0,-7,2
2026-01-15T03:54:01,24,17,7,0,-7,2
2026-01-15T03:54:02,25,17,8,0,-6,2
2026-01-15T03:54:03,25,17,8,0,-4,0
2026-01-15T03:54:04,25,17,8,0,2,-1
2026-01-15T03:54:05,25,17,8,0,2,-1
2026-01-15T03:54:06,25,17,8,0,2,-1
2026-01-15T03:54:07,25,17,8,0,2,-1
2026-01-15T03:54:09,25,17,8,0,2,-1
2026-01-15T03:54:10,25,17,8,0,1,0
2026-01-15T03:54:11,25,17,8,0,1,0
2026-01-15T03:54:12,25,17,8,0,1,0
2026-01-15T03:54:13,25,17,8,0,0,0
2026-01-15T03:54:14,25,20,5,7,-3,3
2026-01-15T03:54:15,26,20,6,7,-2,3
2026-01-15T03:54:16,26,20,6,7,-2,3
2026-01-15T03:54:17,26,20,6,7,-2,3
2026-01-15T03:54:18,26,21,5,7,-3,4
2026-01-15T03:54:19,26,21,5,7,-3,4
2026-01-15T03:54:20,26,21,5,7,-3,4
2026-01-15T03:54:21,26,21,5,7,-3,4
2026-01-15T03:54:22,26,21,5,7,-3,4
2026-01-15T03:54:23,26,21,5,7,-3,4
2026-01-15T03:54:24,26,21,5,0,0,1
2026-01-15T03:54:25,26,21,5,0,-1,1
2026-01-15T03:54:26,26,21,5,0,-1,1
2026-01-15T03:54:27,26,21,5,0,-1,1
2026-01-15T03:54:28,26,21,5,0,0,0
2026-01-15T03:54:29,26,21,5,0,0,0
2026-01-15T03:54:30,26,21,5,0,0,0
2026-01-15T03:54:31,26,21,5,0,0,0
2026-01-15T03:54:32,26,21,5,0,0,0
2026-01-15T03:54:33,26,21,5,0,0,0
2026-01-15T03:54:34,25,20,5,0,0,-1
2026-01-15T03:54:35,25,20,5,0,0,-1
2026-01-15T03:54:37,25,20,5,0,0,-1
2026-01-15T03:54:38,25,20,5,0,0,-1
2026-01-15T03:54:39,25,20,5,0,0,-1
2026-01-15T03:54:40,25,20,5,0,0,-1
2026-01-15T03:54:42,25,20,5,0,0,-1
2026-01-15T03:54:43,25,20,5,0,0,-1
2026-01-15T03:54:44,25,20,5,0,0,-1
2026-01-15T03:54:45,25,20,5,0,0,-1
2026-01-15T03:54:46,25,20,5,0,0,0
2026-01-15T03:54:47,25,20,5,0,0,0
2026-01-15T03:54:48,25,20,5,0,0,0
2026-01-15T03:54:49,25,20,5,0,0,0
2026-01-15T03:54:51,25,20,5,19,0,0
2026-01-15T03:54:54,25,20,5,19,0,0
2026-01-15T03:54:56,25,20,5,19,0,0
2026-01-15T03:54:58,25,20,5,19,0,0
2026-01-15T03:54:59,24,20,4,19,-1,0
2026-01-15T03:55:00,24,20,4,19,-1,0
2026-01-15T03:55:01,24,20,4,19,-1,0
2026-01-15T03:55:03,24,20,4,19,-1,0
2026-01-15T03:55:04,24,20,4,19,-1,0
2026-01-15T03:55:05,24,20,4,19,-1,0
2026-01-15T03:55:06,24,20,4,0,-1,0
2026-01-15T03:55:08,24,20,4,0,-1,0
2026-01-15T03:55:10,24,20,4,0,-1,0
2026-01-15T03:55:11,24,20,4,0,-1,0
2026-01-15T03:55:12,24,20,4,0,0,0
2026-01-15T03:55:13,24,20,4,0,0,0
2026-01-15T03:55:14,29,20,9,0,5,0
2026-01-15T03:55:15,29,20,9,0,5,0
2026-01-15T03:55:16,29,20,9,0,5,0
2026-01-15T03:55:17,29,20,9,0,5,0
2026-01-15T03:55:18,29,20,9,0,5,0
2026-01-15T03:55:19,29,20,9,0,5,0
2026-01-15T03:55:20,29,20,9,0,5,0
2026-01-15T03:55:21,29,20,9,0,5,0
2026-01-15T03:55:22,29,20,9,0,5,0
2026-01-15T03:55:23,28,20,8,0,4,0
2026-01-15T03:55:24,28,20,8,0,-1,0
2026-01-15T03:55:25,28,20,8,0,-1,0
2026-01-15T03:55:26,28,20,8,0,-1,0
2026-01-15T03:55:27,28,20,8,0,-1,0
2026-01-15T03:55:28,28,20,8,0,-1,0
2026-01-15T03:55:29,28,20,8,0,-1,0
2026-01-15T03:55:31,28,20,8,0,-1,0
2026-01-15T03:55:32,28,20,8,0,-1,0
2026-01-15T03:55:33,28,20,8,0,-1,0
2026-01-15T03:55:34,28,20,8,0,0,0
2026-01-15T03:55:35,28,20,8,0,0,0
2026-01-15T03:55:36,28,20,8,0,0,0
2026-01-15T03:55:37,28,20,8,0,0,0
2026-01-15T03:55:38,28,20,8,0,0,0
2026-01-15T03:55:39,28,20,8,0,0,0
2026-01-15T03:55:40,28,20,8,0,0,0
2026-01-15T03:55:41,28,20,8,0,0,0
2026-01-15T03:55:42,28,20,8,0,0,0
2026-01-15T03:55:43,28,20,8,0,0,0
2026-01-15T03:55:44,28,20,8,0,0,0
2026-01-15T03:55:45,28,20,8,0,0,0
2026-01-15T03:55:47,28,20,8,0,0,0
2026-01-15T03:55:48,28,20,8,0,0,0
2026-01-15T03:55:49,28,20,8,0,0,0
2026-01-15T03:55:50,28,20,8,0,0,0
2026-01-15T03:55:51,28,20,8,0,0,0
2026-01-15T03:55:52,28,20,8,0,0,0
2026-01-15T03:55:53,28,20,8,0,0,0
2026-01-15T03:55:54,27,20,7,0,-1,0
2026-01-15T03:55:55,26,20,6,0,-2,0
2026-01-15T03:55:56,29,20,9,0,1,0
2026-01-15T03:55:57,29,20,9,0,1,0
2026-01-15T03:55:58,29,20,9,0,1,0
2026-01-15T03:55:59,29,20,9,0,1,0
2026-01-15T03:56:00,29,20,9,0,1,0
2026-01-15T03:56:01,29,20,9,0,1,0
2026-01-15T03:56:03,30,20,10,13,2,0
2026-01-15T03:56:05,30,20,10,13,2,0
2026-01-15T03:56:06,30,20,10,13,3,0
2026-01-15T03:56:08,25,20,5,13,-1,0
2026-01-15T03:56:10,28,20,8,13,-1,0
2026-01-15T03:56:11,28,20,8,13,-1,0
2026-01-15T03:56:12,28,20,8,13,-1,0
2026-01-15T03:56:13,28,20,8,13,-1,0
2026-01-15T03:56:14,28,20,8,13,-1,0
2026-01-15T03:56:15,28,20,8,13,-1,0
2026-01-15T03:56:16,28,20,8,0,-2,0
2026-01-15T03:56:17,28,20,8,0,-2,0
2026-01-15T03:56:18,25,20,5,0,-5,0
2026-01-15T03:56:19,30,20,10,0,5,0
2026-01-15T03:56:20,30,20,10,0,2,0
2026-01-15T03:56:22,30,20,10,0,2,0
2026-01-15T03:56:23,30,20,10,0,2,0
2026-01-15T03:56:24,30,20,10,0,2,0
2026-01-15T03:56:25,30,20,10,0,2,0
2026-01-15T03:56:26,30,20,10,0,2,0
2026-01-15T03:56:27,30,20,10,0,2,0
2026-01-15T03:56:28,30,20,10,0,2,0
2026-01-15T03:56:29,30,20,10,0,5,0
2026-01-15T03:56:30,30,20,10,0,0,0
2026-01-15T03:56:31,30,20,10,0,0,0
2026-01-15T03:56:32,30,20,10,0,0,0
2026-01-15T03:56:33,30,20,10,0,0,0
2026-01-15T03:56:34,30,20,10,0,0,0
2026-01-15T03:56:35,30,20,10,0,0,0
2026-01-15T03:56:37,30,20,10,0,0,0
2026-01-15T03:56:38,30,20,10,0,0,0
2026-01-15T03:56:39,30,20,10,0,0,0
2026-01-15T03:56:40,30,20,10,0,0,0
2026-01-15T03:56:41,30,20,10,0,0,0
2026-01-15T03:56:42,30,20,10,0,0,0
2026-01-15T03:56:43,30,20,10,0,0,0
2026-01-15T03:56:44,30,20,10,0,0,0
2026-01-15T03:56:45,30,20,10,0,0,0
2026-01-15T03:56:46,30,20,10,0,0,0
2026-01-15T03:56:48,30,20,10,0,0,0
2026-01-15T03:56:49,30,20,10,0,0,0
2026-01-15T03:56:50,30,20,10,0,0,0
2026-01-15T03:56:51,30,20,10,0,0,0
2026-01-15T03:56:52,30,20,10,0,0,0
2026-01-15T03:56:53,30,20,10,0,0,0
2026-01-15T03:56:54,30,20,10,0,0,0
2026-01-15T03:56:55,30,20,10,0,0,0
2026-01-15T03:56:56,30,20,10,0,0,0
2026-01-15T03:56:57,30,20,10,0,0,0
2026-01-15T03:56:58,25,20,5,0,-5,0
2026-01-15T03:56:59,25,20,5,0,-5,0
2026-01-15T03:57:00,25,20,5,0,-5,0
2026-01-15T03:57:01,34,20,14,119,4,0
2026-01-15T03:57:02,25,20,5,119,-5,0
2026-01-15T03:57:03,23,20,3,119,-7,0
2026-01-15T03:57:05,23,20,3,119,-7,0
2026-01-15T03:57:06,23,20,3,119,-7,0
2026-01-15T03:57:07,23,20,3,119,-7,0
2026-01-15T03:57:08,21,20,1,119,-9,0
2026-01-15T03:57:10,21,20,1,119,-4,0
2026-01-15T03:57:11,21,20,1,119,-4,0
2026-01-15T03:57:12,21,20,1,119,-4,0
2026-01-15T03:57:14,21,20,1,0,-13,0
2026-01-15T03:57:15,21,20,1,0,-4,0
2026-01-15T03:57:17,21,20,1,0,-2,0
2026-01-15T03:57:18,21,20,1,0,-2,0
2026-01-15T03:57:19,21,20,1,0,-2,0
2026-01-15T03:57:21,21,20,1,0,-2,0
2026-01-15T03:57:23,21,20,1,0,0,0
2026-01-15T03:57:24,21,20,1,0,0,0
2026-01-15T03:57:25,21,20,1,0,0,0
2026-01-15T03:57:26,21,20,1,0,0,0
2026-01-15T03:57:27,21,20,1,0,0,0
2026-01-15T03:57:28,21,20,1,0,0,0
2026-01-15T03:57:29,21,20,1,0,0,0
2026-01-15T03:57:30,21,20,1,0,0,0
2026-01-15T03:57:31,21,20,1,0,0,0
2026-01-15T03:57:32,36,21,15,1,14,1
2026-01-15T03:57:33,36,22,14,1,13,2
2026-01-15T03:57:34,22,21,1,7,0,1
2026-01-15T03:57:35,24,21,3,7,2,1
2026-01-15T03:57:36,23,21,2,7,1,1
2026-01-15T03:57:37,23,21,2,7,1,1
2026-01-15T03:57:38,23,21,2,7,1,1
2026-01-15T03:57:39,34,21,13,7,12,1
2026-01-15T03:57:40,34,21,13,7,12,1
2026-01-15T03:57:41,34,21,13,7,12,1
2026-01-15T03:57:42,34,21,13,6,-2,0
2026-01-15T03:57:43,40,21,19,6,5,-1
2026-01-15T03:57:44,39,21,18,0,17,0
2026-01-15T03:57:45,39,21,18,0,15,0
2026-01-15T03:57:46,39,21,18,0,16,0
2026-01-15T03:57:47,39,21,18,0,16,0
2026-01-15T03:57:48,39,20,19,0,17,-1
2026-01-15T03:57:49,39,20,19,0,6,-1
2026-01-15T03:57:50,39,20,19,0,6,-1
2026-01-15T03:57:51,39,20,19,0,6,-1
2026-01-15T03:57:52,39,20,19,0,6,-1
2026-01-15T03:57:53,27,20,7,0,-12,-1
2026-01-15T03:57:54,22,20,2,0,-16,-1
2026-01-15T03:57:55,22,20,2,0,-16,-1
2026-01-15T03:57:56,22,20,2,0,-16,-1
2026-01-15T03:57:57,32,20,12,0,-6,-1
2026-01-15T03:57:58,24,16,8,379,-11,-4
2026-01-15T03:57:59,24,16,8,379,-11,-4
2026-01-15T03:58:00,24,16,8,379,-11,-4
2026-01-15T03:58:01,24,16,8,379,-11,-4
2026-01-15T03:58:02,24,16,8,379,-11,-4
2026-01-15T03:58:03,24,15,9,379,2,-5
2026-01-15T03:58:04,38,15,23,379,21,-5
2026-01-15T03:58:05,38,15,23,379,21,-5
2026-01-15T03:58:06,38,15,23,379,21,-5
2026-01-15T03:58:07,38,16,22,379,10,-4
2026-01-15T03:58:08,38,16,22,0,14,0
2026-01-15T03:58:09,39,16,23,0,15,0
2026-01-15T03:58:10,39,16,23,0,15,0
2026-01-15T03:58:11,39,16,23,0,15,0
2026-01-15T03:58:12,39,16,23,0,15,0
2026-01-15T03:58:13,39,16,23,0,14,1
2026-01-15T03:58:14,39,16,23,0,0,1
2026-01-15T03:58:15,39,16,23,0,0,1
2026-01-15T03:58:16,39,16,23,0,0,1
2026-01-15T03:58:17,39,16,23,0,1,0
2026-01-15T03:58:18,39,16,23,0,1,0
2026-01-15T03:58:19,39,16,23,0,0,0
2026-01-15T03:58:20,36,16,20,0,-3,0
2026-01-15T03:58:21,35,16,19,0,-4,0
2026-01-15T03:58:23,35,16,19,0,-4,0
2026-01-15T03:58:24,19,16,3,0,-20,0
2026-01-15T03:58:25,19,15,4,0,-19,-1
2026-01-15T03:58:26,19,15,4,0,-19,-1
2026-01-15T03:58:28,19,15,4,0,-19,-1
2026-01-15T03:58:29,19,15,4,0,-19,-1
2026-01-15T03:58:30,19,15,4,0,-19,-1
2026-01-15T03:58:31,19,15,4,0,-19,-1
2026-01-15T03:58:32,19,15,4,0,-16,-1
2026-01-15T03:58:33,19,15,4,0,-15,-1
2026-01-15T03:58:34,19,15,4,0,-15,-1
2026-01-15T03:58:36,19,15,4,18,1,-1
2026-01-15T03:58:37,19,15,4,18,0,0
2026-01-15T03:58:38,19,15,4,18,0,0
2026-01-15T03:58:39,25,15,10,18,6,0
2026-01-15T03:58:40,25,16,9,18,5,1
2026-01-15T03:58:41,25,16,9,18,5,1
2026-01-15T03:58:42,25,16,9,18,5,1
2026-01-15T03:58:43,25,16,9,18,5,1
2026-01-15T03:58:44,25,16,9,18,5,1
2026-01-15T03:58:45,25,16,9,18,5,1
2026-01-15T03:58:46,25,16,9,0,5,1
2026-01-15T03:58:47,22,16,6,0,2,1
2026-01-15T03:58:48,21,16,5,0,1,1
2026-01-15T03:58:49,21,16,5,0,-5,1
2026-01-15T03:58:50,21,16,5,0,-4,0
2026-01-15T03:58:51,21,16,5,0,-4,0
2026-01-15T03:58:52,21,16,5,0,-4,0
2026-01-15T03:58:53,21,16,5,0,-4,0
2026-01-15T03:58:54,21,16,5,0,-4,0
2026-01-15T03:58:55,21,16,5,0,-4,0
2026-01-15T03:58:56,21,16,5,0,-4,0
2026-01-15T03:58:57,21,16,5,0,-1,0
2026-01-15T03:58:58,21,16,5,0,0,0
2026-01-15T03:58:59,21,16,5,0,0,0
2026-01-15T03:59:00,21,16,5,0,0,0
2026-01-15T03:59:01,21,16,5,0,0,0
2026-01-15T03:59:02,21,16,5,0,0,0
2026-01-15T03:59:03,21,16,5,0,0,0
2026-01-15T03:59:04,21,16,5,0,0,0
2026-01-15T03:59:05,23,16,7,0,2,0
2026-01-15T03:59:06,23,16,7,0,2,0
2026-01-15T03:59:07,23,16,7,0,2,0
2026-01-15T03:59:08,23,16,7,0,2,0
2026-01-15T03:59:09,23,16,7,0,2,0
2026-01-15T03:59:10,23,16,7,0,2,0
2026-01-15T03:59:11,23,16,7,0,2,0
2026-01-15T03:59:12,23,16,7,0,2,0
2026-01-15T03:59:13,23,16,7,0,2,0
2026-01-15T03:59:14,23,16,7,0,2,0
2026-01-15T03:59:15,23,16,7,0,0,0
2026-01-15T03:59:16,23,16,7,0,0,0
2026-01-15T03:59:17,23,16,7,0,0,0
2026-01-15T03:59:18,23,16,7,0,0,0
2026-01-15T03:59:19,23,16,7,0,0,0
2026-01-15T03:59:20,23,16,7,0,0,0
2026-01-15T03:59:21,23,16,7,0,0,0
2026-01-15T03:59:22,23,16,7,0,0,0
2026-01-15T03:59:23,23,16,7,0,0,0
2026-01-15T03:59:24,23,16,7,0,0,0
2026-01-15T03:59:25,23,16,7,0,0,0
2026-01-15T03:59:26,23,16,7,0,0,0
2026-01-15T03:59:27,23,16,7,0,0,0
2026-01-15T03:59:28,23,16,7,0,0,0
2026-01-15T03:59:29,23,16,7,0,0,0
2026-01-15T03:59:30,23,16,7,0,0,0
2026-01-15T03:59:31,23,16,7,0,0,0
2026-01-15T03:59:32,23,16,7,0,0,0
2026-01-15T03:59:33,23,16,7,0,0,0
2026-01-15T03:59:34,23,16,7,0,0,0
2026-01-15T03:59:35,23,16,7,0,0,0
2026-01-15T03:59:36,23,16,7,0,0,0
2026-01-15T03:59:37,22,16,6,0,-1,0
2026-01-15T03:59:38,22,16,6,0,-1,0
2026-01-15T03:59:40,22,16,6,0,-1,0
2026-01-15T03:59:41,22,16,6,0,-1,0
2026-01-15T03:59:42,22,16,6,0,-1,0
2026-01-15T03:59:43,22,16,6,0,-1,0
2026-01-15T03:59:44,22,16,6,0,-1,0
2026-01-15T03:59:45,22,16,6,0,-1,0
2026-01-15T03:59:47,22,16,6,0,-1,0
2026-01-15T03:59:48,20,16,4,0,-3,0
2026-01-15T03:59:49,20,15,5,0,-1,-1
2026-01-15T03:59:50,20,15,5,0,-1,-1
2026-01-15T03:59:51,20,15,5,0,-1,-1
2026-01-15T03:59:52,20,15,5,0,-1,-1
2026-01-15T03:59:53,20,15,5,0,-1,-1
2026-01-15T03:59:54,20,15,5,0,-1,-1
2026-01-15T03:59:55,20,15,5,0,-1,-1
2026-01-15T03:59:56,20,15,5,0,-1,-1
2026-01-15T03:59:57,20,15,5,0,-1,-1
2026-01-15T03:59:58,19,15,4,0,0,-1
2026-01-15T03:59:59,19,15,4,0,-1,0
2026-01-15T04:00:00,19,15,4,0,-1,0
2026-01-15T04:00:01,19,15,4,0,-1,0
2026-01-15T04:00:02,19,15,4,0,-1,0
2026-01-15T04:00:03,19,15,4,0,-1,0
2026-01-15T04:00:04,19,15,4,0,-1,0
2026-01-15T04:00:05,19,15,4,0,-1,0
2026-01-15T04:00:06,19,15,4,0,-1,0
2026-01-15T04:00:07,19,15,4,0,-1,0
2026-01-15T04:00:08,19,15,4,0,0,0
2026-01-15T04:00:09,19,15,4,0,0,0
2026-01-15T04:00:10,19,15,4,0,0,0
2026-01-15T04:00:11,19,15,4,0,0,0
2026-01-15T04:00:12,19,15,4,0,0,0
2026-01-15T04:00:13,19,15,4,0,0,0
2026-01-15T04:00:14,19,15,4,0,0,0
2026-01-15T04:00:15,19,15,4,0,0,0
2026-01-15T04:00:16,19,15,4,0,0,0
2026-01-15T04:00:17,19,15,4,0,0,0
2026-01-15T04:00:18,19,15,4,0,0,0
2026-01-15T04:00:19,19,15,4,0,0,0
2026-01-15T04:00:20,19,15,4,0,0,0
2026-01-15T04:00:21,19,15,4,0,0,0
2026-01-15T04:00:23,19,15,4,0,0,0
2026-01-15T04:00:24,19,15,4,0,0,0
2026-01-15T04:00:25,19,15,4,0,0,0
2026-01-15T04:00:26,19,15,4,0,0,0
2026-01-15T04:00:28,19,15,4,0,0,0
2026-01-15T04:00:29,19,15,4,0,0,0
2026-01-15T04:00:30,19,15,4,0,0,0
2026-01-15T04:00:31,19,15,4,0,0,0
2026-01-15T04:00:33,19,15,4,0,0,0
2026-01-15T04:00:34,19,15,4,128,0,0
2026-01-15T04:00:35,19,15,4,128,0,0
2026-01-15T04:00:37,20,15,5,199,1,0
2026-01-15T04:00:38,20,16,4,199,0,1
2026-01-15T04:00:39,20,16,4,199,0,1
2026-01-15T04:00:40,20,16,4,199,0,1
2026-01-15T04:00:41,20,16,4,199,0,1
2026-01-15T04:00:42,20,16,4,199,0,1
2026-01-15T04:00:43,20,16,4,199,0,1
2026-01-15T04:00:45,20,16,4,199,0,1
2026-01-15T04:00:46,20,16,4,71,0,1
2026-01-15T04:00:47,20,16,4,71,0,1
2026-01-15T04:00:48,23,17,6,0,1,2
2026-01-15T04:00:49,22,20,2,0,-2,4
2026-01-15T04:00:50,23,18,5,0,1,2
2026-01-15T04:00:52,22,21,1,0,-3,5
2026-01-15T04:00:53,22,21,1,0,-3,5
2026-01-15T04:00:54,23,18,5,0,1,2
2026-01-15T04:00:56,23,20,3,0,-1,4
2026-01-15T04:00:57,23,19,4,0,0,3
2026-01-15T04:00:58,20,17,3,0,-1,1
2026-01-15T04:01:00,22,18,4,0,0,2
2026-01-15T04:01:01,21,18,3,0,-3,1
2026-01-15T04:01:02,23,18,5,0,3,-2
2026-01-15T04:01:03,21,16,5,0,0,-2
2026-01-15T04:01:05,21,16,5,0,4,-5
2026-01-15T04:01:06,21,16,5,0,4,-5
2026-01-15T04:01:07,21,16,5,0,0,-2
2026-01-15T04:01:08,21,16,5,0,2,-4
2026-01-15T04:01:09,21,16,5,0,1,-3
2026-01-15T04:01:11,21,16,5,0,2,-1
2026-01-15T04:01:12,21,16,5,0,1,-2
2026-01-15T04:01:13,20,16,4,0,1,-2
2026-01-15T04:01:14,20,16,4,0,-1,-2
2026-01-15T04:01:16,17,15,2,0,-3,-1
2026-01-15T04:01:17,17,15,2,0,-3,-1
2026-01-15T04:01:18,17,15,2,0,-3,-1
2026-01-15T04:01:19,17,15,2,0,-3,-1
2026-01-15T04:01:20,18,15,3,0,-2,-1
2026-01-15T04:01:21,18,15,3,0,-2,-1
2026-01-15T04:01:23,18,15,3,0,-2,-1
2026-01-15T04:01:24,18,15,3,0,-2,-1
2026-01-15T04:01:25,18,15,3,0,-1,-1
2026-01-15T04:01:26,18,15,3,0,-1,-1
2026-01-15T04:01:27,18,15,3,0,1,0
2026-01-15T04:01:28,18,15,3,0,1,0
2026-01-15T04:01:29,18,15,3,0,1,0
2026-01-15T04:01:30,18,15,3,0,1,0
2026-01-15T04:01:31,18,15,3,0,0,0
2026-01-15T04:01:32,18,15,3,0,0,0
2026-01-15T04:01:33,18,15,3,0,0,0
2026-01-15T04:01:34,18,15,3,0,0,0
2026-01-15T04:01:35,18,15,3,0,0,0
2026-01-15T04:01:36,18,15,3,0,0,0
2026-01-15T04:01:37,18,15,3,0,0,0
2026-01-15T04:01:38,18,15,3,0,0,0
2026-01-15T04:01:39,18,15,3,0,0,0
2026-01-15T04:01:40,18,15,3,0,0,0
2026-01-15T04:01:41,18,15,3,0,0,0
2026-01-15T04:01:42,18,15,3,0,0,0
2026-01-15T04:01:43,18,15,3,0,0,0
2026-01-15T04:01:44,18,15,3,0,0,0
2026-01-15T04:01:45,18,15,3,0,0,0
2026-01-15T04:01:46,18,15,3,0,0,0
2026-01-15T04:01:47,18,15,3,0,0,0
2026-01-15T04:01:48,24,16,8,0,5,1
2026-01-15T04:01:49,22,18,4,0,1,3
2026-01-15T04:01:50,21,18,3,8,0,3
2026-01-15T04:01:51,22,16,6,8,3,1
2026-01-15T04:01:52,23,17,6,8,3,2
2026-01-15T04:01:53,17,16,1,8,-2,1
2026-01-15T04:01:54,16,15,1,8,-2,0
2026-01-15T04:01:55,16,15,1,8,-2,0
2026-01-15T04:01:56,16,15,1,8,-2,0
2026-01-15T04:01:57,16,15,1,8,-2,0
2026-01-15T04:01:58,16,15,1,8,-7,-1
2026-01-15T04:01:59,16,15,1,8,-3,-3
2026-01-15T04:02:00,16,15,1,0,-2,-3
2026-01-15T04:02:01,16,15,1,0,-5,-1
2026-01-15T04:02:02,16,15,1,0,-5,-2
2026-01-15T04:02:03,16,15,1,0,0,-1
2026-01-15T04:02:04,16,15,1,0,0,0
2026-01-15T04:02:05,16,15,1,0,0,0
2026-01-15T04:02:06,16,15,1,0,0,0
2026-01-15T04:02:07,23,19,4,0,3,4
2026-01-15T04:02:08,24,18,6,0,5,3
2026-01-15T04:02:10,23,18,5,0,4,3
2026-01-15T04:02:11,22,16,6,0,5,1
2026-01-15T04:02:12,24,16,8,8,7,1
2026-01-15T04:02:13,24,15,9,8,8,0
2026-01-15T04:02:15,24,15,9,8,8,0
2026-01-15T04:02:16,24,15,9,8,8,0
2026-01-15T04:02:17,24,15,9,8,8,0
2026-01-15T04:02:18,24,15,9,8,8,0
2026-01-15T04:02:19,24,15,9,8,5,-4
2026-01-15T04:02:20,24,15,9,8,3,-3
2026-01-15T04:02:21,24,15,9,8,4,-3
2026-01-15T04:02:23,24,15,9,8,3,-1
2026-01-15T04:02:24,24,15,9,0,1,-1
2026-01-15T04:02:25,24,15,9,0,0,0
2026-01-15T04:02:26,18,15,3,0,-6,0
2026-01-15T04:02:27,18,15,3,0,-6,0
2026-01-15T04:02:28,18,15,3,0,-6,0
2026-01-15T04:02:29,18,15,3,0,-6,0
2026-01-15T04:02:30,18,15,3,0,-6,0
2026-01-15T04:02:31,18,15,3,0,-6,0
2026-01-15T04:02:32,18,15,3,0,-6,0
2026-01-15T04:02:33,18,15,3,0,-6,0
2026-01-15T04:02:34,18,15,3,0,-6,0
2026-01-15T04:02:35,18,15,3,0,-6,0
2026-01-15T04:02:36,18,15,3,0,0,0
2026-01-15T04:02:37,18,15,3,0,0,0
2026-01-15T04:02:38,18,15,3,0,0,0
2026-01-15T04:02:39,18,15,3,0,0,0
2026-01-15T04:02:40,18,15,3,0,0,0
2026-01-15T04:02:41,18,15,3,0,0,0
2026-01-15T04:02:42,18,15,3,0,0,0
2026-01-15T04:02:43,18,15,3,0,0,0
2026-01-15T04:02:44,18,15,3,0,0,0
2026-01-15T04:02:45,18,15,3,0,0,0
2026-01-15T04:02:46,18,15,3,0,0,0
2026-01-15T04:02:47,16,15,1,0,-2,0
2026-01-15T04:02:48,16,15,1,0,-2,0
2026-01-15T04:02:49,16,15,1,0,-2,0
2026-01-15T04:02:50,16,15,1,0,-2,0
2026-01-15T04:02:51,24,15,9,0,6,0
2026-01-15T04:02:52,24,15,9,0,6,0
2026-01-15T04:02:53,24,15,9,0,6,0
2026-01-15T04:02:54,24,15,9,0,6,0
2026-01-15T04:02:55,24,15,9,0,6,0
2026-01-15T04:02:56,24,15,9,0,6,0
2026-01-15T04:02:57,22,15,7,0,6,0
2026-01-15T04:02:58,22,15,7,0,6,0
2026-01-15T04:02:59,22,15,7,0,6,0
2026-01-15T04:03:00,22,15,7,0,6,0
2026-01-15T04:03:01,21,15,6,0,-3,0
2026-01-15T04:03:02,21,15,6,0,-3,0
2026-01-15T04:03:03,21,15,6,0,-3,0
2026-01-15T04:03:04,18,15,3,0,-6,0
2026-01-15T04:03:05,18,15,3,0,-6,0
2026-01-15T04:03:06,18,15,3,0,-6,0
2026-01-15T04:03:07,18,15,3,0,-4,0
2026-01-15T04:03:08,18,15,3,0,-4,0
2026-01-15T04:03:09,18,15,3,0,-4,0
2026-01-15T04:03:10,18,15,3,0,-4,0
2026-01-15T04:03:11,18,15,3,0,-3,0
2026-01-15T04:03:12,18,15,3,0,-3,0
2026-01-15T04:03:13,16,15,1,0,-5,0
2026-01-15T04:03:14,16,15,1,0,-2,0
2026-01-15T04:03:15,16,15,1,0,-2,0
2026-01-15T04:03:16,16,15,1,0,-2,0
2026-01-15T04:03:17,16,15,1,0,-2,0
2026-01-15T04:03:18,16,15,1,0,-2,0
2026-01-15T04:03:19,16,15,1,0,-2,0
2026-01-15T04:03:20,16,15,1,0,-2,0
2026-01-15T04:03:21,16,15,1,0,-2,0
2026-01-15T04:03:22,16,15,1,0,-2,0
2026-01-15T04:03:23,16,15,1,0,0,0
2026-01-15T04:03:24,16,15,1,0,0,0
2026-01-15T04:03:25,16,15,1,0,0,0
2026-01-15T04:03:27,16,15,1,0,0,0
2026-01-15T04:03:28,16,15,1,0,0,0
2026-01-15T04:03:29,16,15,1,0,0,0
2026-01-15T04:03:30,16,15,1,0,0,0
2026-01-15T04:03:31,16,15,1,0,0,0
2026-01-15T04:03:33,16,15,1,0,0,0
2026-01-15T04:03:34,16,15,1,0,0,0
2026-01-15T04:03:35,16,15,1,0,0,0
2026-01-15T04:03:36,16,15,1,0,0,0
2026-01-15T04:03:38,16,15,1,0,0,0
2026-01-15T04:03:39,16,15,1,0,0,0
2026-01-15T04:03:40,16,15,1,0,0,0
2026-01-15T04:03:41,16,15,1,0,0,0
2026-01-15T04:03:42,16,15,1,0,0,0
2026-01-15T04:03:43,16,15,1,0,0,0
2026-01-15T04:03:44,16,15,1,0,0,0
2026-01-15T04:03:45,16,15,1,0,0,0
2026-01-15T04:03:46,16,15,1,0,0,0
2026-01-15T04:03:47,16,15,1,0,0,0
2026-01-15T04:03:48,16,15,1,0,0,0
2026-01-15T04:03:49,16,14,2,62,1,-1
2026-01-15T04:03:50,16,14,2,62,1,-1
2026-01-15T04:03:51,16,14,2,62,1,-1
2026-01-15T04:03:52,16,14,2,62,1,-1
2026-01-15T04:03:53,16,14,2,62,1,-1
2026-01-15T04:03:54,16,14,2,62,1,-1
2026-01-15T04:03:55,16,14,2,62,1,-1
2026-01-15T04:03:56,16,14,2,62,1,-1
2026-01-15T04:03:57,16,14,2,62,1,-1
2026-01-15T04:03:58,16,14,2,62,1,-1
2026-01-15T04:03:59,16,14,2,0,0,0
2026-01-15T04:04:00,16,14,2,0,0,0
2026-01-15T04:04:01,16,14,2,0,0,0
2026-01-15T04:04:02,16,14,2,0,0,0
2026-01-15T04:04:03,16,14,2,0,0,0
2026-01-15T04:04:04,16,14,2,0,0,0
2026-01-15T04:04:05,16,14,2,0,0,0
2026-01-15T04:04:06,16,14,2,0,0,0
2026-01-15T04:04:07,16,14,2,0,0,0
2026-01-15T04:04:08,16,14,2,1,0,0
2026-01-15T04:04:09,16,14,2,1,0,0
2026-01-15T04:04:10,16,14,2,1,0,0
2026-01-15T04:04:11,16,14,2,1,0,0
2026-01-15T04:04:12,16,14,2,1,0,0
2026-01-15T04:04:13,16,14,2,1,0,0
2026-01-15T04:04:14,16,14,2,1,0,0
2026-01-15T04:04:15,16,14,2,1,0,0
2026-01-15T04:04:17,16,14,2,1,0,0
2026-01-15T04:04:18,16,14,2,1,0,0
2026-01-15T04:04:19,16,14,2,0,0,0
2026-01-15T04:04:20,15,12,3,100,1,-2
2026-01-15T04:04:21,15,12,3,100,1,-2
2026-01-15T04:04:22,15,12,3,100,1,-2
2026-01-15T04:04:23,15,12,3,100,1,-2
2026-01-15T04:04:24,14,12,2,100,0,-2
2026-01-15T04:04:25,14,12,2,100,0,-2
2026-01-15T04:04:26,14,12,2,100,0,-2
2026-01-15T04:04:27,14,12,2,100,0,-2
2026-01-15T04:04:28,14,12,2,100,0,-2
2026-01-15T04:04:29,13,12,1,100,-1,-2
2026-01-15T04:04:30,13,12,1,0,-2,0
2026-01-15T04:04:31,20,13,7,0,4,1
2026-01-15T04:04:32,17,16,1,10,-2,4
2026-01-15T04:04:33,21,15,6,10,3,3
2026-01-15T04:04:34,18,16,2,10,0,4
2026-01-15T04:04:35,21,15,6,10,4,3
2026-01-15T04:04:36,18,16,2,11,0,4
2026-01-15T04:04:37,22,14,8,11,6,2
2026-01-15T04:04:38,21,14,7,11,5,2
2026-01-15T04:04:39,22,14,8,11,7,2
2026-01-15T04:04:40,22,15,7,11,6,3
2026-01-15T04:04:41,17,14,3,51,-4,1
2026-01-15T04:04:42,20,13,7,41,6,-3
2026-01-15T04:04:43,14,13,1,41,-5,-2
2026-01-15T04:04:44,22,13,9,41,7,-3
2026-01-15T04:04:46,15,14,1,41,-5,-1
2026-01-15T04:04:47,19,12,7,40,5,-4
2026-01-15T04:04:48,13,12,1,40,-7,-2
2026-01-15T04:04:49,16,13,3,40,-4,-1
2026-01-15T04:04:50,21,13,8,40,0,-1
2026-01-15T04:04:52,14,13,1,40,-6,-2
2026-01-15T04:04:53,14,12,2,0,-1,-2
2026-01-15T04:04:54,21,13,8,0,1,0
2026-01-15T04:04:55,20,12,8,0,7,-1
2026-01-15T04:04:57,19,13,6,0,-3,0
2026-01-15T04:04:58,14,13,1,0,0,-1
2026-01-15T04:04:59,18,13,5,0,-2,1
2026-01-15T04:05:00,15,13,2,0,1,1
2026-01-15T04:05:01,19,13,6,0,3,0
2026-01-15T04:05:02,21,13,8,0,0,0
2026-01-15T04:05:03,16,14,2,0,1,1
2026-01-15T04:05:04,17,13,4,0,2,1
2026-01-15T04:05:05,22,13,9,0,1,0
2026-01-15T04:05:06,20,13,7,0,-1,1
2026-01-15T04:05:07,16,13,3,0,-3,0
2026-01-15T04:05:08,20,13,7,0,6,0
2026-01-15T04:05:09,13,12,1,0,-4,-1
2026-01-15T04:05:10,13,12,1,0,-1,-1
2026-01-15T04:05:11,16,12,4,0,-2,-1
2026-01-15T04:05:12,15,12,3,0,-5,-1
2026-01-15T04:05:13,16,13,3,30,1,-1
2026-01-15T04:05:14,21,12,9,30,5,-1
2026-01-15T04:05:15,15,13,2,30,-7,0
2026-01-15T04:05:16,18,12,6,46,-1,-1
2026-01-15T04:05:17,14,12,2,46,-1,-1
2026-01-15T04:05:18,21,13,8,46,1,0
2026-01-15T04:05:19,16,12,4,46,3,0
2026-01-15T04:05:20,14,13,1,46,0,1
2026-01-15T04:05:21,10,9,1,116,-3,-3
2026-01-15T04:05:22,21,11,10,125,7,-1
2026-01-15T04:05:23,15,10,5,95,2,-3
2026-01-15T04:05:24,13,9,4,95,-5,-3
2026-01-15T04:05:25,18,9,9,95,7,-4
2026-01-15T04:05:26,17,9,8,79,2,-3
2026-01-15T04:05:27,17,8,9,79,7,-4
2026-01-15T04:05:28,22,8,14,79,6,-5
2026-01-15T04:05:29,14,8,6,79,2,-4
2026-01-15T04:05:30,14,8,6,79,5,-5
2026-01-15T04:05:31,19,9,10,9,9,0
2026-01-15T04:05:32,21,9,12,0,2,-2
2026-01-15T04:05:33,22,9,13,0,8,-1
2026-01-15T04:05:34,13,9,4,0,0,0
2026-01-15T04:05:35,20,9,11,0,2,0
2026-01-15T04:05:36,19,9,10,0,2,0
2026-01-15T04:05:37,14,9,5,0,-4,1
2026-01-15T04:05:38,14,9,5,0,-9,1
2026-01-15T04:05:39,21,10,11,0,5,2
2026-01-15T04:05:40,15,9,6,0,0,1
2026-01-15T04:05:41,14,9,5,0,-5,0
2026-01-15T04:05:42,13,9,4,0,-8,0
2026-01-15T04:05:43,16,9,7,0,-6,0
2026-01-15T04:05:44,15,9,6,0,2,0
2026-01-15T04:05:45,15,9,6,0,-5,0
2026-01-15T04:05:46,14,9,5,0,-5,0
2026-01-15T04:05:47,15,9,6,0,1,0
2026-01-15T04:05:48,14,9,5,0,0,0
2026-01-15T04:05:49,15,9,6,0,-5,-1
2026-01-15T04:05:50,15,9,6,0,0,0
2026-01-15T04:05:51,15,9,6,0,1,0
2026-01-15T04:05:52,15,10,5,0,1,1
2026-01-15T04:05:53,14,9,5,0,-2,0
2026-01-15T04:05:54,15,9,6,0,0,0
2026-01-15T04:05:55,15,9,6,0,0,0
2026-01-15T04:05:56,23,9,14,0,9,0
2026-01-15T04:05:57,23,9,14,0,8,0
2026-01-15T04:05:59,22,10,12,0,7,1
2026-01-15T04:06:00,23,9,14,0,8,0
2026-01-15T04:06:01,23,11,12,0,6,2
2026-01-15T04:06:02,22,11,11,0,5,2
2026-01-15T04:06:04,23,11,12,0,7,1
2026-01-15T04:06:05,15,11,4,0,-1,2
2026-01-15T04:06:06,15,11,4,0,-2,2
2026-01-15T04:06:08,15,11,4,0,-2,2
2026-01-15T04:06:09,15,11,4,0,-10,2
2026-01-15T04:06:10,15,11,4,0,-10,2
2026-01-15T04:06:11,15,11,4,0,-8,1
2026-01-15T04:06:13,15,11,4,0,-10,2
2026-01-15T04:06:14,15,11,4,0,-8,0
2026-01-15T04:06:15,15,11,4,0,-7,0
2026-01-15T04:06:16,15,11,4,0,-8,0
2026-01-15T04:06:17,15,11,4,0,0,0
2026-01-15T04:06:18,15,11,4,0,0,0
2026-01-15T04:06:19,15,11,4,0,0,0
2026-01-15T04:06:20,15,11,4,0,0,0
2026-01-15T04:06:21,15,11,4,0,0,0
2026-01-15T04:06:22,15,11,4,0,0,0
2026-01-15T04:06:23,15,11,4,0,0,0
2026-01-15T04:06:24,15,11,4,0,0,0
2026-01-15T04:06:25,15,11,4,0,0,0
2026-01-15T04:06:26,11,9,2,11,-2,-2
2026-01-15T04:06:27,10,8,2,11,-2,-3
2026-01-15T04:06:28,10,8,2,11,-2,-3
2026-01-15T04:06:29,10,8,2,11,-2,-3
2026-01-15T04:06:30,10,8,2,11,-2,-3
2026-01-15T04:06:31,10,8,2,11,-2,-3
2026-01-15T04:06:32,10,8,2,11,-2,-3
2026-01-15T04:06:33,10,8,2,11,-2,-3
2026-01-15T04:06:34,10,8,2,11,-2,-3
2026-01-15T04:06:35,10,8,2,11,-2,-3
2026-01-15T04:06:36,10,8,2,0,0,-1
2026-01-15T04:06:37,10,8,2,0,0,0
2026-01-15T04:06:38,10,8,2,0,0,0
2026-01-15T04:06:39,10,8,2,0,0,0
2026-01-15T04:06:40,10,8,2,0,0,0
2026-01-15T04:06:41,11,8,3,26,1,0
2026-01-15T04:06:42,11,8,3,26,1,0
2026-01-15T04:06:43,11,8,3,26,1,0
2026-01-15T04:06:44,11,8,3,26,1,0
2026-01-15T04:06:45,11,8,3,26,1,0
2026-01-15T04:06:46,11,8,3,26,1,0
2026-01-15T04:06:47,11,8,3,26,1,0
2026-01-15T04:06:48,11,8,3,26,1,0
2026-01-15T04:06:49,11,8,3,26,1,0
2026-01-15T04:06:50,11,8,3,26,1,0
2026-01-15T04:06:51,11,8,3,0,0,0
2026-01-15T04:06:52,11,8,3,0,0,0
2026-01-15T04:06:53,11,8,3,0,0,0
2026-01-15T04:06:54,11,8,3,0,0,0
2026-01-15T04:06:55,11,8,3,0,0,0
2026-01-15T04:06:56,11,8,3,0,0,0
2026-01-15T04:06:57,11,8,3,0,0,0
2026-01-15T04:06:58,11,8,3,0,0,0
2026-01-15T04:06:59,11,8,3,0,0,0
2026-01-15T04:07:00,11,8,3,0,0,0
2026-01-15T04:07:01,11,8,3,0,0,0
2026-01-15T04:07:02,11,8,3,0,0,0
2026-01-15T04:07:03,11,8,3,0,0,0
2026-01-15T04:07:04,11,8,3,0,0,0
2026-01-15T04:07:05,11,8,3,0,0,0
2026-01-15T04:07:06,11,8,3,0,0,0
2026-01-15T04:07:07,11,8,3,0,0,0
2026-01-15T04:07:08,11,8,3,0,0,0
2026-01-15T04:07:09,11,8,3,0,0,0
2026-01-15T04:07:10,11,8,3,0,0,0
2026-01-15T04:07:11,11,8,3,0,0,0
2026-01-15T04:07:12,11,8,3,0,0,0
2026-01-15T04:07:13,11,8,3,0,0,0
2026-01-15T04:07:14,11,8,3,0,0,0
2026-01-15T04:07:16,11,8,3,0,0,0
2026-01-15T04:07:17,11,8,3,0,0,0
2026-01-15T04:07:18,11,10,1,0,-2,2
2026-01-15T04:07:19,11,9,2,0,-1,1
2026-01-15T04:07:20,11,8,3,0,0,0
2026-01-15T04:07:22,11,8,3,0,0,0
2026-01-15T04:07:23,11,8,3,0,0,0
2026-01-15T04:07:24,11,8,3,0,0,0
2026-01-15T04:07:26,11,8,3,0,0,0
2026-01-15T04:07:27,11,8,3,0,0,0
2026-01-15T04:07:28,11,8,3,0,0,0
2026-01-15T04:07:30,11,8,3,0,0,0
2026-01-15T04:07:31,11,8,3,0,2,-2
2026-01-15T04:07:32,11,8,3,0,1,-1
2026-01-15T04:07:33,11,8,3,0,0,0
2026-01-15T04:07:34,11,8,3,0,0,0
2026-01-15T04:07:35,11,8,3,0,0,0
2026-01-15T04:07:36,11,8,3,0,0,0
2026-01-15T04:07:37,11,8,3,0,0,0
2026-01-15T04:07:38,11,8,3,0,0,0
2026-01-15T04:07:39,11,8,3,0,0,0
2026-01-15T04:07:40,11,8,3,0,0,0
2026-01-15T04:07:41,11,8,3,0,0,0
2026-01-15T04:07:42,11,8,3,27,0,0
2026-01-15T04:07:43,11,8,3,27,0,0
2026-01-15T04:07:44,11,8,3,27,0,0
2026-01-15T04:07:45,11,8,3,27,0,0
2026-01-15T04:07:46,11,8,3,27,0,0
2026-01-15T04:07:47,11,8,3,27,0,0
2026-01-15T04:07:48,11,8,3,27,0,0
2026-01-15T04:07:49,11,8,3,27,0,0
2026-01-15T04:07:50,11,8,3,27,0,0
2026-01-15T04:07:51,11,8,3,27,0,0
2026-01-15T04:07:52,11,8,3,0,0,0
2026-01-15T04:07:53,11,8,3,0,0,0
2026-01-15T04:07:54,11,8,3,0,0,0
2026-01-15T04:07:56,11,8,3,0,0,0
2026-01-15T04:07:59,11,8,3,0,0,0
2026-01-15T04:08:00,11,8,3,0,0,0
2026-01-15T04:08:02,11,8,3,0,0,0
2026-01-15T04:08:03,11,8,3,0,0,0
2026-01-15T04:08:05,11,8,3,0,0,0
2026-01-15T04:08:06,11,8,3,0,0,0
2026-01-15T04:08:07,11,8,3,0,0,0
2026-01-15T04:08:08,11,8,3,0,0,0
2026-01-15T04:08:09,11,8,3,0,0,0
2026-01-15T04:08:10,11,8,3,0,0,0
2026-01-15T04:08:11,11,8,3,0,0,0
2026-01-15T04:08:12,11,8,3,0,0,0
2026-01-15T04:08:14,11,8,3,0,0,0
2026-01-15T04:08:15,11,8,3,0,0,0
2026-01-15T04:08:16,11,8,3,0,0,0
2026-01-15T04:08:17,11,8,3,0,0,0
2026-01-15T04:08:18,11,8,3,0,0,0
2026-01-15T04:08:19,11,8,3,0,0,0
2026-01-15T04:08:20,11,8,3,0,0,0
2026-01-15T04:08:21,11,8,3,0,0,0
2026-01-15T04:08:22,11,8,3,0,0,0
2026-01-15T04:08:23,11,8,3,0,0,0
2026-01-15T04:08:24,11,8,3,0,0,0
2026-01-15T04:08:25,11,8,3,0,0,0
2026-01-15T04:08:26,11,8,3,0,0,0
2026-01-15T04:08:27,11,8,3,0,0,0
2026-01-15T04:08:28,11,9,2,0,-1,1
2026-01-15T04:08:29,11,10,1,0,-2,2
2026-01-15T04:08:31,11,10,1,0,-2,2
2026-01-15T04:08:32,11,9,2,0,-1,1
2026-01-15T04:08:33,11,9,2,0,-1,1
2026-01-15T04:08:34,11,9,2,0,-1,1
2026-01-15T04:08:35,11,9,2,0,-1,1
2026-01-15T04:08:36,11,9,2,0,-1,1
2026-01-15T04:08:37,11,9,2,0,-1,1
2026-01-15T04:08:38,11,9,2,0,-1,1
2026-01-15T04:08:39,11,9,2,0,0,0
2026-01-15T04:08:40,11,9,2,0,1,-1
2026-01-15T04:08:42,11,9,2,0,1,-1
2026-01-15T04:08:43,11,9,2,0,0,0
2026-01-15T04:08:44,11,9,2,0,0,0
2026-01-15T04:08:45,11,9,2,0,0,0
2026-01-15T04:08:46,11,9,2,0,0,0
2026-01-15T04:08:47,11,9,2,0,0,0
2026-01-15T04:08:48,11,9,2,0,0,0
2026-01-15T04:08:49,11,9,2,0,0,0
2026-01-15T04:08:50,11,9,2,0,0,0
2026-01-15T04:08:51,11,9,2,0,0,0
2026-01-15T04:08:52,11,9,2,0,0,0
2026-01-15T04:08:53,11,9,2,0,0,0
2026-01-15T04:08:54,11,9,2,0,0,0
2026-01-15T04:08:55,11,9,2,0,0,0
2026-01-15T04:08:57,11,9,2,0,0,0
2026-01-15T04:08:58,11,9,2,0,0,0
2026-01-15T04:08:59,11,9,2,0,0,0
2026-01-15T04:09:00,11,9,2,0,0,0
2026-01-15T04:09:01,11,9,2,0,0,0
2026-01-15T04:09:02,11,9,2,0,0,0
2026-01-15T04:09:03,11,9,2,0,0,0
2026-01-15T04:09:04,11,9,2,0,0,0
2026-01-15T04:09:05,11,9,2,0,0,0
2026-01-15T04:09:06,11,9,2,0,0,0
2026-01-15T04:09:07,11,9,2,0,0,0
2026-01-15T04:09:08,11,9,2,0,0,0
2026-01-15T04:09:09,11,9,2,0,0,0
2026-01-15T04:09:10,11,9,2,0,0,0
2026-01-15T04:09:11,11,9,2,0,0,0
2026-01-15T04:09:12,11,9,2,0,0,0
2026-01-15T04:09:13,11,9,2,0,0,0
2026-01-15T04:09:14,11,9,2,0,0,0
2026-01-15T04:09:15,11,9,2,0,0,0
2026-01-15T04:09:16,11,9,2,0,0,0
2026-01-15T04:09:17,11,9,2,0,0,0
2026-01-15T04:09:18,11,9,2,0,0,0
2026-01-15T04:09:19,11,9,2,0,0,0
2026-01-15T04:09:20,11,9,2,0,0,0
2026-01-15T04:09:21,11,9,2,0,0,0
2026-01-15T04:09:22,11,9,2,0,0,0
2026-01-15T04:09:23,11,9,2,0,0,0
2026-01-15T04:09:24,11,9,2,0,0,0
2026-01-15T04:09:25,11,9,2,0,0,0
2026-01-15T04:09:26,11,9,2,0,0,0
2026-01-15T04:09:27,11,9,2,0,0,0
2026-01-15T04:09:28,11,9,2,0,0,0
2026-01-15T04:09:29,11,9,2,0,0,0
2026-01-15T04:09:30,11,9,2,0,0,0
2026-01-15T04:09:31,11,9,2,0,0,0
2026-01-15T04:09:32,11,9,2,0,0,0
2026-01-15T04:09:33,11,9,2,0,0,0
2026-01-15T04:09:34,11,9,2,0,0,0
2026-01-15T04:09:35,11,9,2,0,0,0
2026-01-15T04:09:36,11,9,2,0,0,0
2026-01-15T04:09:37,10,9,1,0,-1,0
2026-01-15T04:09:38,10,9,1,0,-1,0
2026-01-15T04:09:39,10,9,1,0,-1,0
2026-01-15T04:09:40,10,9,1,0,-1,0
2026-01-15T04:09:41,10,9,1,0,-1,0
2026-01-15T04:09:42,10,9,1,0,-1,0
2026-01-15T04:09:43,10,9,1,0,-1,0
2026-01-15T04:09:44,10,9,1,0,-1,0
2026-01-15T04:09:45,10,9,1,0,-1,0
2026-01-15T04:09:46,10,9,1,0,-1,0
2026-01-15T04:09:47,10,9,1,0,0,0
2026-01-15T04:09:49,10,9,1,0,0,0
2026-01-15T04:09:50,10,9,1,0,0,0
2026-01-15T04:09:51,10,9,1,0,0,0
2026-01-15T04:09:53,10,9,1,0,0,0
2026-01-15T04:09:54,10,9,1,0,0,0
2026-01-15T04:09:55,10,9,1,0,0,0
2026-01-15T04:09:56,10,9,1,0,0,0
2026-01-15T04:09:57,10,9,1,0,0,0
2026-01-15T04:09:59,10,9,1,0,0,0
2026-01-15T04:10:00,10,9,1,0,0,0
2026-01-15T04:10:01,10,9,1,0,0,0
2026-01-15T04:10:03,10,9,1,0,0,0
2026-01-15T04:10:04,10,9,1,0,0,0
2026-01-15T04:10:05,10,9,1,0,0,0
2026-01-15T04:10:06,10,9,1,0,0,0
2026-01-15T04:10:07,10,9,1,0,0,0
2026-01-15T04:10:08,10,9,1,0,0,0
2026-01-15T04:10:09,10,9,1,0,0,0
2026-01-15T04:10:10,10,9,1,0,0,0
2026-01-15T04:10:11,10,9,1,0,0,0
2026-01-15T04:10:12,10,9,1,0,0,0
2026-01-15T04:10:13,10,9,1,0,0,0
2026-01-15T04:10:14,10,9,1,0,0,0
2026-01-15T04:10:15,10,9,1,0,0,0
2026-01-15T04:10:16,10,9,1,0,0,0
2026-01-15T04:10:17,10,9,1,0,0,0
2026-01-15T04:10:18,10,9,1,0,0,0
2026-01-15T04:10:19,10,9,1,0,0,0
2026-01-15T04:10:20,10,9,1,0,0,0
2026-01-15T04:10:21,10,9,1,0,0,0
2026-01-15T04:10:22,10,9,1,0,0,0
2026-01-15T04:10:23,10,9,1,0,0,0
2026-01-15T04:10:24,10,9,1,0,0,0
2026-01-15T04:10:25,10,9,1,0,0,0
2026-01-15T04:10:26,10,9,1,0,0,0
2026-01-15T04:10:27,10,9,1,0,0,0
2026-01-15T04:10:28,10,9,1,0,0,0
2026-01-15T04:10:29,11,9,2,0,1,0
2026-01-15T04:10:30,11,9,2,0,1,0
2026-01-15T04:10:31,11,9,2,0,1,0
2026-01-15T04:10:32,11,9,2,0,1,0
2026-01-15T04:10:33,11,9,2,0,1,0
2026-01-15T04:10:34,11,9,2,0,1,0
2026-01-15T04:10:35,11,9,2,15,1,0
2026-01-15T04:10:36,11,9,2,15,1,0
2026-01-15T04:10:37,10,9,1,15,0,0
2026-01-15T04:10:38,10,9,1,15,0,0
2026-01-15T04:10:39,10,9,1,15,-1,0
2026-01-15T04:10:40,10,9,1,15,-1,0
2026-01-15T04:10:41,10,9,1,15,-1,0
2026-01-15T04:10:42,10,9,1,15,-1,0
2026-01-15T04:10:43,10,9,1,15,-1,0
2026-01-15T04:10:44,10,9,1,15,-1,0
2026-01-15T04:10:45,10,9,1,0,-1,0
2026-01-15T04:10:46,10,9,1,0,-1,0
2026-01-15T04:10:47,11,9,2,35,1,0
2026-01-15T04:10:48,11,9,2,35,1,0
2026-01-15T04:10:49,11,9,2,35,1,0
2026-01-15T04:10:50,11,9,2,35,1,0
2026-01-15T04:10:51,11,9,2,35,1,0
2026-01-15T04:10:52,11,9,2,35,1,0
2026-01-15T04:10:53,11,9,2,35,1,0
2026-01-15T04:10:54,11,9,2,35,1,0
2026-01-15T04:10:55,11,9,2,35,1,0
2026-01-15T04:10:56,11,9,2,35,1,0
2026-01-15T04:10:57,11,9,2,0,0,0
2026-01-15T04:10:58,11,9,2,0,0,0
2026-01-15T04:10:59,11,9,2,0,0,0
2026-01-15T04:11:00,11,9,2,0,0,0
2026-01-15T04:11:01,11,9,2,0,0,0
2026-01-15T04:11:02,11,9,2,0,0,0
2026-01-15T04:11:03,11,9,2,0,0,0
2026-01-15T04:11:04,11,9,2,0,0,0
2026-01-15T04:11:05,11,9,2,0,0,0
2026-01-15T04:11:07,11,9,2,0,0,0
2026-01-15T04:11:08,11,9,2,0,0,0
2026-01-15T04:11:09,11,9,2,0,0,0
2026-01-15T04:11:10,11,9,2,0,0,0
2026-01-15T04:11:12,11,9,2,0,0,0
2026-01-15T04:11:13,11,9,2,0,0,0
2026-01-15T04:11:14,11,9,2,0,0,0
2026-01-15T04:11:15,11,9,2,0,0,0
2026-01-15T04:11:16,11,9,2,0,0,0
2026-01-15T04:11:17,11,9,2,0,0,0
2026-01-15T04:11:19,11,9,2,0,0,0
2026-01-15T04:11:20,11,9,2,0,0,0
2026-01-15T04:11:21,11,9,2,0,0,0
2026-01-15T04:11:22,11,9,2,0,0,0
2026-01-15T04:11:23,11,9,2,0,0,0
2026-01-15T04:11:24,11,9,2,0,0,0
2026-01-15T04:11:25,11,9,2,0,0,0
2026-01-15T04:11:26,11,9,2,0,0,0
2026-01-15T04:11:27,11,9,2,0,0,0
2026-01-15T04:11:28,11,9,2,0,0,0
2026-01-15T04:11:29,11,9,2,0,0,0
2026-01-15T04:11:30,11,9,2,0,0,0
2026-01-15T04:11:31,11,9,2,0,0,0
2026-01-15T04:11:32,11,9,2,0,0,0
2026-01-15T04:11:33,11,9,2,0,0,0
2026-01-15T04:11:34,11,9,2,0,0,0
2026-01-15T04:11:35,11,9,2,0,0,0
2026-01-15T04:11:36,11,9,2,0,0,0
2026-01-15T04:11:37,11,9,2,0,0,0
2026-01-15T04:11:38,11,9,2,0,0,0
2026-01-15T04:11:39,11,9,2,2,0,0
2026-01-15T04:11:40,11,9,2,2,0,0
2026-01-15T04:11:41,11,9,2,2,0,0
2026-01-15T04:11:42,11,9,2,2,0,0
2026-01-15T04:11:43,11,9,2,2,0,0
2026-01-15T04:11:44,11,9,2,2,0,0
2026-01-15T04:11:45,11,9,2,2,0,0
2026-01-15T04:11:46,11,9,2,2,0,0
2026-01-15T04:11:47,11,9,2,2,0,0
2026-01-15T04:11:48,11,9,2,2,0,0
2026-01-15T04:11:49,11,9,2,0,0,0
2026-01-15T04:11:50,11,9,2,0,0,0
2026-01-15T04:11:51,11,9,2,0,0,0
2026-01-15T04:11:52,11,9,2,0,0,0
2026-01-15T04:11:53,11,9,2,0,0,0
2026-01-15T04:11:54,11,9,2,0,0,0
2026-01-15T04:11:55,11,9,2,0,0,0
2026-01-15T04:11:56,11,9,2,0,0,0
2026-01-15T04:11:57,11,9,2,0,0,0
2026-01-15T04:11:58,11,9,2,0,0,0
2026-01-15T04:11:59,11,9,2,0,0,0
2026-01-15T04:12:00,11,9,2,0,0,0
2026-01-15T04:12:01,11,9,2,0,0,0
2026-01-15T04:12:02,11,9,2,0,0,0
2026-01-15T04:12:03,11,9,2,0,0,0
2026-01-15T04:12:04,11,9,2,0,0,0
2026-01-15T04:12:05,11,9,2,0,0,0
2026-01-15T04:12:06,11,9,2,0,0,0
2026-01-15T04:12:07,11,9,2,0,0,0
2026-01-15T04:12:08,11,9,2,0,0,0
2026-01-15T04:12:09,11,9,2,0,0,0
2026-01-15T04:12:10,11,9,2,0,0,0
2026-01-15T04:12:11,11,9,2,0,0,0
2026-01-15T04:12:12,11,9,2,0,0,0
2026-01-15T04:12:13,11,9,2,0,0,0
2026-01-15T04:12:14,11,9,2,0,0,0
2026-01-15T04:12:15,11,9,2,0,0,0
2026-01-15T04:12:16,11,9,2,0,0,0
2026-01-15T04:12:17,11,9,2,0,0,0
2026-01-15T04:12:18,11,9,2,0,0,0
2026-01-15T04:12:19,11,9,2,0,0,0
2026-01-15T04:12:20,11,9,2,0,0,0
2026-01-15T04:12:22,11,9,2,0,0,0
2026-01-15T04:12:23,11,9,2,0,0,0
2026-01-15T04:12:24,11,9,2,42,0,0
2026-01-15T04:12:25,11,9,2,42,0,0
2026-01-15T04:12:27,11,9,2,42,0,0
2026-01-15T04:12:28,11,9,2,42,0,0
2026-01-15T04:12:29,11,9,2,42,0,0
2026-01-15T04:12:30,11,9,2,42,0,0
2026-01-15T04:12:32,11,9,2,42,0,0
2026-01-15T04:12:33,11,9,2,42,0,0
2026-01-15T04:12:34,11,9,2,42,0,0
2026-01-15T04:12:35,11,9,2,42,0,0
2026-01-15T04:12:36,11,9,2,0,0,0
2026-01-15T04:12:37,11,8,3,27,1,-1
2026-01-15T04:12:38,11,8,3,27,1,-1
2026-01-15T04:12:39,11,8,3,27,1,-1
2026-01-15T04:12:40,11,8,3,27,1,-1
2026-01-15T04:12:41,11,8,3,27,1,-1
2026-01-15T04:12:42,11,8,3,27,1,-1
2026-01-15T04:12:43,11,8,3,27,1,-1
